1992 3198
161 136 203 179 X
903 136 1061 181 Index.

278 253 395 298 XIX.
428 254 496 298 De
528 254 720 299 deiectis
751 254 879 300 locis.

296 327 392 372 XX.
424 327 493 371 De
525 327 685 372 ordine
716 327 934 372 locorum.

274 401 392 445 XXI.
424 401 492 445 De
524 401 770 446 duodecim
799 402 1006 445 locorum
1035 400 1363 458 potestatibus.

252 475 393 520 XXII.
425 475 493 519 De
524 475 788 520 nominibus
821 475 1065 519 duodecim
1087 474 1293 519 locorum
1316 476 1364 519 et
1387 475 1500 531 quid
1524 475 1618 520 sint
1641 475 1834 521 sortitae

425 552 473 594 et
504 549 842 607 apotelesmata
872 548 1091 605 ipsarum.

233 624 394 668 XXIII.
426 624 495 668 De
527 623 756 679 qualitate
787 622 1119 680 geniturarum.

229 698 390 743 XXIV.
423 698 491 741 De
516 696 755 741 diametris
778 696 975 755 trigonis
1000 697 1242 754 quadratis
1267 697 1523 754 hexagonis
1548 700 1595 742 et
1615 698 1829 756 ableptis.

247 771 386 815 XXV.
419 771 488 815 De
521 771 664 829 signis
697 770 866 828 quibus
896 770 1111 828 partibus
1144 770 1348 828 corporis
1382 770 1477 815 sint
1507 770 1749 816 attributa.

229 844 389 888 XXVI.
423 843 535 897 Quis
568 844 681 888 deus
713 847 828 901 quot
858 858 1003 888 annos
1034 843 1158 888 vitae
1190 843 1423 888 decernat.

95 931 136 961 10
206 918 389 963 XXVII.
421 918 491 962 De
520 920 781 975 temporum
812 917 1013 963 domino.

189 992 394 1037 XXVIII.
426 992 495 1036 De
526 991 753 1036 divisione
784 994 1057 1049 temporum.

233 1066 394 1110 XXIX.
425 1065 494 1109 De
527 1065 637 1109 anni
668 1065 910 1110 divisione.

251 1139 390 1183 XXX.
423 1139 492 1183 De
521 1139 723 1183 numeris
757 1139 1058 1184 antisciorum
1090 1142 1138 1184 et
1169 1140 1465 1197 apotelesma.

161 1242 391 1287 Tertius
422 1243 572 1287 liber
602 1243 690 1287 hoc
719 1243 877 1288 habet.

95 1328 135 1360 15
361 1317 394 1361 Ι.
426 1317 673 1362 Hominem
706 1318 766 1361 ad
795 1317 1050 1376 imaginem
1080 1317 1255 1362 mundi.

334 1391 391 1437 H.
424 1391 601 1435 Thema
631 1391 807 1436 mundi.

313 1465 390 1509 III.
425 1464 553 1518 Quae
592 1465 757 1509 stellae
795 1465 844 1508 in
883 1465 1051 1521 quibus
1090 1464 1205 1509 locis
1247 1464 1509 1522 singulares
1555 1463 1837 1508 constitutae

424 1538 537 1594 quid
566 1538 759 1583 faciant.

313 1612 390 1657 IV.
422 1612 491 1656 De
523 1612 847 1657 coniunctione
879 1612 998 1656 Solis
1031 1614 1078 1657 et
1107 1611 1341 1657 Mercurii.

94 1698 135 1728 20
338 1686 392 1731 V.
424 1686 492 1730 De
525 1686 847 1731 coniunctione
880 1686 1067 1730 Saturni
1098 1688 1146 1730 et
1175 1685 1406 1730 Mercurii.

314 1760 392 1804 VI.
423 1760 493 1804 De
524 1760 847 1805 coniunctione
878 1759 1096 1804 Mercurii
1126 1762 1174 1804 et
1204 1759 1337 1804 Iovis.

295 1834 392 1878 VH.
423 1834 492 1878 De
523 1834 847 1879 coniunctione
877 1834 1041 1878 Martis
1073 1836 1120 1878 et
1150 1833 1379 1878 Mercurii.

271 1907 390 1953 VIII.
421 1907 490 1951 De
524 1907 847 1953 coniunctione
877 1907 1094 1952 Mercurii
1126 1910 1173 1951 et
1202 1907 1411 1952 Veneris.

317 1982 392 2026 IX.
426 1981 494 2026 De
524 1982 655 2026 Luna
685 1981 733 2025 in
765 1982 932 2038 quibus
963 1981 1077 2026 locis
1108 1981 1266 2039 posita
1295 1984 1344 2025 et
1375 1997 1479 2026 cum
1503 1981 1672 2038 quibus
1697 1980 1834 2024 astris

94 2079 136 2111 25
425 2055 682 2100 constituta
713 2055 826 2112 quid
855 2055 1015 2101 faciat.

162 2157 407 2211 Quartus
437 2158 587 2202 liber
616 2159 705 2202 hoc
734 2159 893 2203 habet.

359 2232 392 2275 I.
424 2231 603 2275 Lunam
632 2232 882 2276 maximam
913 2246 1012 2278 esse
1043 2233 1167 2277 Vitae
1197 2233 1397 2277 hominis
1429 2232 1751 2277 substantiam.

335 2305 391 2349 II.
424 2305 493 2348 De
523 2306 655 2349 Luna
687 2306 745 2349 ad
779 2321 920 2362 quam
951 2307 1136 2351 stellam
1170 2307 1392 2352 accedens
1425 2307 1539 2363 quid
1570 2307 1801 2350 decernat.

316 2379 390 2423 ΙΙΙ.
423 2378 492 2422 De
522 2379 654 2422 Luna
686 2394 790 2423 cum
822 2381 883 2424 ad
912 2380 1093 2424 nullum
1122 2381 1282 2438 fertur,
1315 2384 1362 2425 et
1393 2394 1530 2437 quem
1555 2380 1704 2437 primo
1727 2381 1834 2436 post

95 2464 138 2495 30
424 2452 708 2496 vacuitatem
748 2453 819 2496 sui
860 2468 1016 2498 cursus
1057 2454 1318 2511 contingat,
1358 2454 1431 2498 vel
1470 2468 1498 2497 a
1536 2467 1627 2509 quo
1660 2453 1834 2497 defluat

425 2527 474 2569 et
504 2525 565 2568 ad
595 2539 733 2581 quem
764 2529 931 2583 currat,
965 2529 1012 2570 et
1043 2527 1092 2570 in
1123 2526 1292 2582 quibus
1316 2526 1430 2570 locis
1454 2526 1569 2582 quid
1592 2526 1752 2583 faciat,
1785 2528 1832 2570 et

428 2612 455 2641 a
479 2613 572 2654 qua
596 2599 735 2642 stella
767 2599 971 2643 defluens
1002 2614 1150 2644 vacua
1181 2602 1338 2644 currat
1368 2602 1415 2643 et
1439 2614 1466 2643 a
1488 2599 1616 2643 nullo
1641 2599 1830 2656 feratur,

427 2672 502 2716 cui
534 2685 582 2716 se
608 2672 896 2729 applicuerit,
929 2673 1001 2716 vel
1025 2687 1053 2717 a
1077 2687 1168 2729 quo
1194 2673 1254 2717 ad
1284 2686 1421 2729 quem
1452 2675 1499 2717 et
1529 2673 1577 2716 in
1609 2687 1699 2729 quo
1732 2686 1827 2717 sce-

425 2749 551 2791 mate
581 2745 734 2790 fuerit.

312 2914 364 2952 13
399 2908 672 2953 antisiorum
702 2914 741 2952 R
845 2914 900 2953 ⁶29
933 2912 980 2954 et
1010 2924 1092 2954 om.
1117 2915 1154 2952 V
1260 2913 1314 2952 32
1349 2909 1409 2952 ad
1438 2908 1619 2952 nullum
1650 2912 1688 2950 A
1718 2914 1830 2954 recte
