1992 3198
177 113 238 156 VI

319 237 448 284 Raro
498 237 760 284 attulimus
814 236 1096 284 Parisinum
1156 239 1292 285 7312
1342 237 1541 284 membr.
1591 252 1714 286 saec.
1755 238 1849 286 XV

174 303 422 376 (Paris),
456 326 603 372 quem
634 310 848 373 inspexit
878 310 1039 374 Kroll,
1071 311 1481 359 Monacensem
1507 313 1613 360 560
1645 311 1845 360 membr.

172 400 298 432 saec.
324 384 394 431 XI
424 383 892 446 interpolationibus
925 386 1195 432 scatentem
1227 377 1432 449 (desinit
1462 384 1514 431 in
1544 386 1646 432 dies
1682 387 1710 433 7
1714 379 1847 450 ’6,20)
1918 374 1922 379 ’

171 459 223 505 et
261 458 827 505 Darmstadtensem
869 459 969 506 756
1019 457 1219 505 membr.
1260 473 1381 506 saec.
1421 457 1518 505 XII
1555 458 1769 506 Parisini
1808 452 1850 512 Q

173 532 439 604 gemellum
470 525 675 596 (desinit
710 523 939 597 269,19),-
969 546 1092 593 quos
1133 546 1325 578 summa
1364 531 1596 580 comitate
1637 531 1851 581 contulit

172 604 387 666 F.B011;
426 604 909 652 Escorialensem
942 603 978 652 C
1011 604 1082 651 IV
1119 606 1183 652 13
1224 603 1424 652 membr.
1456 605 1559 653 foll.
1589 607 1691 654 108
1726 621 1850 654 saec.

172 678 316 742 XIII,
371 694 429 726 ex
468 694 564 740 quo
604 677 769 726 varias
807 677 1041 726 lectiones
1093 677 1156 724 ad
1201 694 1247 739 p.
1284 679 1592 742 1,1—35,11
1641 679 1851 743 benigne

175 751 403 800 enotauit
441 751 693 814 Benignus
732 751 1015 799 Fernandez
1053 750 1380 799 bibliothecae
1418 752 1712 813 praefectus.

323 841 400 887 Ex
437 840 515 909 his
554 839 694 887 libris
734 855 847 888 cum
885 840 1055 887 nullus
1094 839 1231 887 ultra
1271 842 1450 903 269,19
1490 840 1751 904 pertineat,
1793 841 1856 888 ad

176 916 395 962 extrema
443 913 707 961 adhibendi
747 915 864 961 sunt
910 913 1100 962 codices
1146 913 1462 977 recentiores,
1511 914 1692 976 quibus
1740 914 1856 963 solis

178 1002 345 1036 omnes
387 989 496 1036 octo
537 987 653 1034 libri
691 987 973 1036 traduntur.
1050 986 1338 1050 Delegimus
1377 987 1545 1036 hosce:

325 1075 890 1139 Norimbergensem
920 1075 967 1122 V
994 1077 1061 1124 60
1095 1075 1249 1124 chart.
1281 1076 1384 1124 foll.
1420 1078 1522 1124 203
1558 1091 1634 1124 cm
1667 1077 1853 1124 30:22

176 1149 293 1197 anni
333 1151 487 1198 1468.
564 1148 792 1197 Contulit
822 1149 976 1212 Kroll,
1017 1149 1129 1197 inde
1169 1165 1199 1196 a
1237 1149 1362 1198 libro
1404 1149 1579 1211 quinto
1621 1149 1850 1198 Skutsch.

138 1220 148 1235 '
177 1222 480 1271 Consensum
529 1222 635 1271 eius
687 1238 801 1270 cum
851 1222 1066 1271 editione
1116 1222 1337 1285 principe
1387 1225 1507 1271 nota
1557 1218 1621 1270 A'
1665 1223 1851 1271 indica-

175 1312 350 1345 vlmus.

325 1371 739 1419 Monacensem
795 1372 860 1419 49
927 1370 1079 1418 chart.
1128 1370 1231 1418 foll.
1283 1371 1385 1418 128
1440 1385 1517 1418 cm
1573 1371 1850 1434 31,5:21,5

178 1460 299 1492 saec.
332 1444 462 1494 XVI.
541 1443 767 1492 Contulit
803 1443 956 1492 Kroll.

324 1517 686 1565 Vaticanum
719 1519 857 1566 2227
892 1517 1046 1565 chart.
1077 1517 1180 1565 foll.
1217 1519 1321 1565 110
1353 1532 1430 1564 cm
1461 1517 1527 1563 41
1550 1533 1561 1563 z
1583 1516 1693 1580 28,5
1727 1530 1851 1565 saec.

176 1592 268 1639 XV
308 1593 397 1638 aut
434 1586 552 1638 XVI
590 1590 819 1639 ineuntis.
897 1589 1123 1638 Contulit
1160 1590 1313 1638 Kroll.

324 1665 673 1712 Palatinum
715 1666 854 1712 1418
897 1665 1050 1712 chart.
1090 1664 1194 1712 foll.
1237 1666 1341 1713 190
1381 1678 1504 1712 saec.
1544 1663 1649 1710 XV.
1727 1661 1852 1712 Con-

178 1739 300 1786 tulit
337 1739 491 1788 Kroll.

325 1808 676 1860 Urbinatem
708 1813 811 1860 263
853 1810 1054 1859 membr.
1093 1811 1197 1859 foll.
1234 1814 1332 1859 171
1377 1826 1452 1858 cm
1494 1811 1677 1858 33:23
1728 1824 1851 1858 saec.

178 1886 281 1935 XV.
359 1885 586 1934 Contulit
623 1885 778 1934 Kroll.

325 1990 401 2036 Ex
445 1989 600 2037 isdem
645 1988 783 2036 libris
828 1989 1023 2050 partem
1067 1988 1272 2036 lacunae
1318 1989 1433 2049 post
1478 1988 1621 2051 49,13
1668 1957 1852 2035 hiantis

180 2062 520 2124 supplevimus
561 2056 617 2128 (G
634 2057 678 2109 D
717 2061 931 2110 contulit
979 2055 1256 2128 Ziebarth);
1310 2063 1360 2109 et
1408 2061 1460 2108 in
1513 2061 1606 2108 hac
1653 2060 1853 2123 quidem

181 2139 323 2197 parte
371 2135 687 2184 adhibuimus
733 2135 885 2184 etiam
922 2135 1167 2184 Vindob.
1212 2137 1351 2184 3195
1393 2134 1546 2183 chart.
1586 2149 1708 2182 saec.
1748 2133 1853 2198 XV,

183 2209 322 2257 cuius
360 2210 595 2258 lectiones
635 2209 892 2271 exscripsit
929 2209 1131 2257 Hauler.

329 2297 502 2359 Neque
542 2298 594 2344 in
632 2298 725 2346 hac
763 2299 904 2360 parte
943 2313 1103 2359 neque
1150 2297 1202 2344 in
1250 2297 1465 2344 extremo
1505 2295 1630 2344 libro
1672 2296 1851 2356 quarto

181 2370 407 2420 codicum
444 2371 717 2418 recentium
763 2386 948 2420 errores
989 2386 1154 2419 omnes
1201 2369 1469 2418 exscribere
1508 2368 1851 2431 sustinuimus,

184 2445 306 2492 satis
344 2446 511 2491 tamen
551 2443 914 2505 exscripsimus.
935 2447 995 2492 ut
1033 2445 1091 2492 de
1129 2443 1520 2504 uniuscuiusque
1560 2441 1740 2490 codicis
1779 2441 1851 2487 in-

184 2518 295 2566 dole
336 2519 526 2565 certum
564 2516 806 2565 iudicium
844 2518 961 2565 ferri
998 2517 1167 2579 possit.
1244 2516 1380 2564 Haec
1425 2514 1583 2579 igitur
1621 2513 1851 2575 inspicito

183 2591 340 2653 siquis
379 2590 521 2639 cuius
552 2590 686 2638 modi
717 2590 905 2638 codices
937 2591 1230 2638 recentiores
1262 2589 1362 2636 sint
1394 2590 1610 2650 quaeret.
1666 2587 1853 2635 Verum

184 2681 244 2712 ne
284 2664 364 2711 cui
402 2663 580 2712 scoreis
628 2679 685 2711 ac
723 2664 866 2725 palea
905 2664 1022 2711 deae
1063 2660 1436 2728 Ματαιοπονίᾳ,
1483 2660 1534 2708 10
1581 2661 1672 2709 1100
1710 2675 1851 2721 prae-

184 2738 355 2785 sertim
393 2737 644 2799 scriptore,
683 2736 954 2785 sacrificare
992 2737 1284 2797 videremur,
1324 2734 1475 2782 aliam
1505 2734 1617 2781 inde
1658 2749 1687 2781 a
1725 2733 1850 2781 libro

187 2810 362 2871 quinto
409 2811 542 2859 viam
586 2810 795 2874 ingressi
845 2824 1028 2858 sumus,
1114 2809 1243 2856 Nam
1290 2807 1524 2870 quoniam
1571 2806 1852 2855 accuratius

186 2883 403 2931 intuenti
449 2884 501 2931 in
555 2884 677 2932 duas
724 2883 900 2946 stirpes
947 2883 1019 2931 ita
1065 2882 1308 2931 discedere
1362 2881 1512 2929 libros
1557 2879 1851 2928 recentiores
