2014 3202
878 121 900 164 1
926 126 964 178 7,
989 135 1126 167 3—11.
1770 122 1837 173 21

166 245 350 298 monio
391 243 691 297 divinitatis
726 246 960 311 ornatur,
999 242 1248 296 formatis
1282 242 1522 295 moribus
1562 241 1841 295 hominum

168 322 222 371 et
261 319 441 372 divina
479 316 822 370 institutione
856 317 1187 385 compositis,
1227 316 1378 368 falsis
1410 316 1841 369 accusationibus

161 394 395 445 obrutus
443 395 496 444 et
543 391 769 445 acerbae
816 390 1103 443 delationis
1152 393 1405 443 oneratus
1452 388 1654 442 invidia
1698 390 1842 442 inde·
1908 386 1913 395 ‘

167 466 351 519 sensus
390 469 445 518 et
475 465 722 534 proditus
756 482 971 517 severae
1003 463 1542 517 animadvertentium
1580 464 1842 532 potestati

122 563 143 594 5
166 540 470 593 subcubuit.
527 538 786 601 Quotiens
825 537 1045 591 fortuna
1075 539 1456 607 imperatorem
1488 536 1842 607 Alcibiadem,

168 614 414 682 quotiens
456 614 666 666 exulem
704 612 871 665 fecit?
948 611 1089 674 Quid
1127 613 1189 664 de
1228 612 1336 664 ista
1376 612 1538 664 sortis
1578 611 1840 663 varietate
1896 613 1930 664 9

166 687 442 740 dicamus?
497 683 833 739 ‘Patiebatur
870 686 1003 739 haec
1041 685 1349 738 Alcibiades
1390 685 1457 738 ad
1495 685 1709 738 civilem
1747 685 1843 738 im-

163 762 386 830 perandi
418 762 636 814 modum
670 758 909 814 Socratis
949 759 1145 812 divinis
1177 759 1508 829 magisteriis
1543 759 1843 826 institutuS‚

165 838 220 887 et
259 853 380 887 cum
413 853 623 904 semper
654 838 709 887 et
739 834 940 904 ubique
972 852 1228 903 prospere
1261 834 1501 886 duxisset
1534 831 1843 899 exercitum,

99 931 142 962 ιο
164 908 414 964 fortunae
455 913 645 962 contra
682 927 739 960 se
780 908 1068 961 saevientis
1108 907 1366 960 invidiam
1402 908 1573 966 vitare
1604 925 1714 959 non
1751 924 1844 975 po·

164 983 288 1035 tuit.
367 981 468 1035 Sed
527 983 680 1035 illum
736 981 990 1049 forsitan,
1041 985 1104 1034 ut
1159 981 1375 1050 quidam
1430 981 1620 1033 volunt
1675 977 1844 1050 (absit

165 1056 328 1123 enim,
377 1061 439 1109 ut
484 1057 588 1109 hoc
637 1058 826 1108 nostra
880 1055 1123 1108 oratione
1177 1055 1499 1124 firmemus),
1555 1073 1845 1123 pravarum

166 1130 522 1198 cupiditatum
558 1128 821 1183 desideria
853 1132 1106 1197 ceperant
1146 1131 1201 1181 ct
1239 1129 1485 1181 incautae
1519 1128 1844 1180 temeritatis

163 1203 361 1257 fefellit
385 1204 661 1273 inprovisa
684 1203 780 1256 vis,
825 1202 989 1255 Aliud
1015 1220 1144 1272 ergo
1161 1202 1499 1271 proferamus
1525 1202 1845 1272 exem-plum,

99 1300 141 1331 15
166 1281 229 1330 ut
271 1277 355 1330 vel
397 1278 478 1330 'sic
530 1278 596 1329 ad
643 1276 996 1330 confessionis
1037 1277 1317 1346 angustias
1371 1276 1643 1330 coarteris.
1722 1274 1928 1328 Pla-10

165 1354 348 1403 tonem
388 1369 509 1403 cum
548 1351 657 1403 illis
698 1350 862 1403 animi
901 1350 1208 1416 virtutibus,
1250 1369 1371 1403 cum
1409 1350 1506 1402 illa
1545 1349 1841 1418 sapientiae

166 1425 411 1477 doctrina
456 1423 695 1477 vendidit
741 1425 914 1476 fatum
961 1428 1016 1476 et
1061 1424 1213 1475 illam
1243 1424 1427 1485 ,divini
1475 1422 1641 1475 animi
1688 1423 1844 1476 disci-

164 1498 369 1566 plinam
394 1498 691 1566 tyrannicis
724 1497 1134 1550 crudelitatibus
1161 1515 1221 1550 ac
1252 1497 1566 1550 ludibriosis
1592 1495 1842 1565 Dionysii

163 1573 529 1640 potestatibus
567 1571 804 1624 tradidit.
884 1570 942 1624 Si
980 1572 1114 1624 haec
1151 1589 1261 1623 non
1301 1570 1599 1639 sufficiunt,
1639 1571 1707 1623 ad
1744 1571 1845 1640 Py-

98 1668 141 1707 20
164 1645 427 1715 thagorae
465 1645 749 1715 naufragia
786 1649 1134 1698 revertamur.
1195 1645 1381 1707 Qualis
1413 1644 1495 1698 vir
1532 1645 1624 1697 ille
1663 1644 1843 1714 fuerit,

166 1719 417 1772 omnibus
463 1722 654 1772 notum
702 1722 806 1788 est3
854 1719 1004 1772 cuius
1051 1720 1309 1771 virtutem
1356 1719 1678 1787 sapientiam
1723 1738 1847 1788 pru-

166 1793 510 1862 dentiamque
549 1796 604 1845 et
644 1791 823 1845 divina
855 1793 1021 1845 animi
1054 1796 1357 1846 commenta
1388 1796 1442 1845 et
1471 1791 1754 1845 hominum
1789 1796 1844 1845 et

69 1904 77 1911 -
165 1867 386 1919 deorum
423 1867 721 1936 probavere
761 1867 974 1920 iudicia.
1049 1867 1191 1920 Ecce
1232 1867 1299 1920 ad
1342 1885 1612 1919 summum
1653 1870 1845 1920 cuncta
1862 1866 1930 1919 11

163 1940 448 2009 perdidicit
502 1944 579 2009 et,
629 1959 696 1993 ne
752 1941 879 2009 quid
934 1941 1144 1994 deesset
1205 1941 1319 1994 eius
1374 1940 1555 1992 divino
1609 1939 1845 2010 ingeni0‚

100 2019 142 2070 25
166 2014 466 2084 peregrinis
498 2014 660 2067 etiam
695 2013 1023 2083 magisteriis
1055 2015 1295 2067 imbutus
1329 2013 1395 2066 ad
1428 2014 1608 2066 omnia
1641 2012 1845 2082 sapien-

167 2088 275 2139 tiae
330 2091 534 2141 secreta
585 2088 890 2157 penetravit
941 2091 1016 2157 et,
1070 2092 1131 2140 ut
1182 2088 1360 2141 verius
1406 2087 1622 2156 loquar,
1676 2087 1844 2140 divini

168 2161 334 2214 animi
382 2162 680 2215 intentione
727 2162 955 2230 primuS‚
1006 2163 1171 2214 immo
1218 2162 1401 2231 potius
1449 2161 1595 2213 solus
1641 2161 1698 2213 in
1737 2162 1845 2214 ista

165 2235 378 2304 positus
417 2235 715 2306 fragilitate
762 2239 976 2288 terrena
1013 2237 1266 2288 naturam
1313 2237 1368 2287 et
1415 2235 1680 2305 originem
1718 2254 1844 2304 pro-

165 2309 275 2362 vidi
313 2309 550 2362 numinis
591 2328 653 2362 ac
700 2309 909 2362 divinae
959 2309 1259 2361 maiestatis
1300 2309 1517 2361 invenit.
1597 2306 1842 2362 Salutare

100 2406 144 2438 30
165 2382 317 2452 illud,
355 2385 418 2434 ut
456 2383 676 2452 quidam
714 2383 919 2451 volunt,
958 2386 1012 2434 et
1051 2382 1335 2451 providum
1364 2401 1565 2435 numen
1594 2400 1690 2451 per
1729 2383 1842 2435 dies

168 2455 411 2526 singulos
459 2457 804 2525 sequebatur3
856 2456 1005 2509 cuius
1059 2455 1279 2509 monitis
1334 2460 1494 2525 atque
1540 2456 1842 2524 praeceptis

164 2530 412 2599 purgatis
452 2530 622 2583 animi
670 2529 918 2583 sordibus
967 2530 1031 2581 ad
1079 2530 1259 2582 omnia
1296 2530 1487 2599 †vitae
1529 2532 1844 2582 ornamenta

10 2631 18 2635 ·
0 2201 33 2595 vomam·
6 2166 37 2188 ·‚

1210 2641 1227 2663 1

284 2680 306 2718 1
328 2674 547 2723 ,diuitatis
573 2679 608 2723 Q,
696 2679 722 2718 3
749 2677 797 2718 et
813 2675 857 2732 6]
875 2675 946 2716 est
971 2676 977 2722 1
1006 2672 1256 2729 dilationes
1279 2675 1531 2718 honeratus
1556 2674 1686 2730 (hon-
1708 2675 1843 2718 etiam

165 2735 216 2790 Q.)
238 2732 389 2784 iuidia
410 2738 443 2776 P
535 2739 560 2777 5
593 2733 838 2777 succubuit
858 2737 895 2774 V
923 2734 929 2786 Ι
956 2730 1282 2789 imperatorem
1308 2735 1395 2778 des.
1421 2738 1458 2776 V
1481 2735 1514 2787 f.
1532 2737 1585 2776 5ν
1662 2738 1684 2775 7
1719 2731 1842 2775 dice-

161 2807 264 2836 mus
294 2807 324 2835 v
406 2797 432 2835 8
451 2795 654 2836 socrates
670 2797 756 2834 111³
841 2796 892 2834 11
910 2789 1029 2834 illud
1044 2795 1197 2841 λῑΡρ.ει
1281 2798 1334 2836 16
1353 2791 1530 2835 uiribus
1548 2796 1578 2839 Q
1659 2796 1712 2835 18
1730 2791 1842 2847 dyo-

158 2851 271 2900 nisii
293 2855 423 2899 ΠΡΟ.
508 2856 562 2894 19
585 2851 799 2908 pitagore
823 2864 878 2895 ss.
896 2865 926 2905 y
950 2854 983 2891 P
1005 2852 1262 2907 pytagorae
1287 2855 1322 2899 Q
1405 2856 1460 2894 20
1484 2852 1770 2894 reuertemur
1784 2854 1842 2892 ΡΒ

165 2913 221 2952 28
258 2912 428 2953 natura
465 2914 499 2951 P
619 2914 674 2953 32
707 2910 981 2952 ornamenta
1019 2911 1066 2952 et
1102 2913 1147 2951 Π
1186 2911 1335 2966 possis
1374 2908 1536 2967 [vitae]
1577 2914 1617 2953 et
1656 2908 1841 2953 virtutis
