2014 3202
199 130 305 183 146
887 128 1146 181 2FIRMI01

198 251 434 303 maxima
473 248 830 318 conferantur,
873 249 957 302 vel
998 250 1090 317 qui
1129 250 1395 319 praesidio
1437 254 1530 303 aut
1569 251 1869 320 patrocinio

199 324 486 376 mulierum
515 326 608 374 aut
631 340 862 374 uxorum
888 322 1026 392 [aut]
1053 324 1117 375 ad
1143 324 1404 376 maximos
1429 323 1648 377 veniant
1672 325 1869 394 gradus
1913 335 1916 338 ’

201 397 499 466 dignitatis,
539 396 632 448 sed
662 413 918 464 processu
949 398 1208 465 temporis
1242 397 1422 450 omnia
1453 399 1530 450 eis
1561 398 1720 466 plena
1749 416 1863 467 per-

114 472 181 525 11
201 471 343 524 fecta
380 471 703 522 tribuuntur.
769 467 826 521 Si
863 488 990 522 vero
1031 472 1318 524 crescentis
1353 471 1535 524 Lunae
1575 472 1755 524 lumen
1788 489 1870 524 ex-

201 544 403 613 ceperit
417 547 520 596 ‘aut
546 560 787 596 crescens
810 541 964 596 Luna
990 562 1044 595 se
1070 544 1119 596 ei
1144 545 1494 613 coniunxerit,
1527 563 1649 598 cum
1673 562 1870 615 magna
1917 568 1938 600 5

198 618 401 671 invidia
441 616 935 670 administrationes
981 620 1035 669 et
1074 617 1275 687 glorias
1316 622 1731 688 consequentur,
1779 620 1871 671 sed

201 696 379 745 certos
418 691 593 743 reddit
632 694 687 742 et
726 690 793 741 ab
827 690 972 742 omni
992 692 1280 760 *mendacio
1315 696 1607 761 separatOS,
1648 693 1740 761 qui
1773 710 1872 746 nec

201 767 263 818 de
303 765 443 818 veris
482 765 643 816 rebus
682 763 1028 816 iurisiurandi
1062 765 1440 818 necessitatem
1481 771 1574 818 aut
1613 767 1739 819 dare
1779 770 1873 819 aut

201 839 441 907 accipere
474 838 665 906 velint3
697 838 790 889 sed
821 855 942 890 cum
972 838 1231 890 uxoribus
1264 839 1426 892 faciet
1457 840 1533 892 sic
1567 858 1688 892 cum
1719 838 1872 892 Luna

199 912 384 966 Venus
417 911 596 981 posita
625 915 848 980 propter
880 911 1139 980 quasdam
1171 913 1502 981 suspiciones
1535 913 1872 966 contentiosa
1897 935 1940 967 ιο

199 987 500 1056 iurgiorum
540 984 938 1038 conflictatione
976 985 1207 1055 iurgare.

113 1062 182 1115 12
345 1059 411 1112 In
443 1062 594 1112 sexto
627 1059 746 1111 loco
779 1058 962 1110 Venus
1001 1059 1067 1111 ab
1100 1059 1400 1128 horoscopo
1441 1060 1738 1112 constituta
1774 1078 1870 1128 per

201 1135 341 1187 diem
381 1137 436 1186 et
472 1135 690 1186 noctem
726 1131 1079 1202 ignobiliores
1128 1133 1278 1184 dabit
1315 1150 1508 1186 uxores
1549 1137 1643 1186 aut
1682 1133 1869 1186 viduas

200 1211 294 1261 aut
347 1206 548 1260 debiles
607 1209 661 1259 et
712 1224 1005 1274 numquam
1060 1207 1357 1276 morigeras
1411 1207 1540 1259 viris
1553 1249 1566 1276 ,
1620 1207 1668 1259 si
1720 1207 1871 1259 nul-la

200 1282 360 1335 stella
398 1281 455 1333 in
485 1279 604 1334 MC.
634 1281 800 1332 fuerit
836 1279 1070 1332 inventa.
1136 1279 1193 1332 Si
1223 1299 1350 1333 vero
1390 1281 1584 1334 mulier
1621 1281 1679 1332 in
1718 1283 1868 1332 sexto
1895 1303 1938 1335 15

198 1357 318 1408 loco
359 1355 639 1425 geniturae
673 1371 798 1406 suae
831 1352 1057 1406 Veneris
1098 1353 1311 1406 stellam
1351 1355 1603 1407 habuerit
1643 1355 1866 1407 colloca-

200 1433 337 1496 tam,
375 1445 599 1496 magnas
640 1427 989 1480 difficultates
1030 1430 1084 1480 et
1123 1445 1320 1498 magna
1357 1428 1596 1497 pericula
1634 1428 1871 1496 patietur

201 1520 266 1555 ex
304 1504 485 1571 partu3
531 1505 625 1553 aut
665 1501 806 1553 enim
847 1501 1123 1552 abortabit
1169 1501 1475 1570 frequenter
1518 1505 1612 1554 aut
1652 1500 1868 1554 difficile

202 1576 313 1628 edit
357 1579 595 1644 partum,
647 1577 708 1626 ut
754 1575 899 1626 intra
943 1574 1150 1627 viscera
1199 1575 1312 1627 eius
1367 1575 1662 1628 laceratum
1707 1592 1869 1643 pecus

115 1651 234 1703 13a
273 1648 492 1701 medicis
538 1647 856 1716 proferatur.
937 1645 995 1699 Si
1033 1665 1159 1699 vero
1206 1649 1262 1700 in
1310 1652 1460 1700 sexto
1502 1649 1620 1701 loco
1662 1647 1869 1701 Venere
1895 1669 1938 1701 20

204 1722 518 1791 constituta,
554 1722 612 1772 in
648 1724 913 1773 nocturna
952 1720 1157 1773 scilicet
1198 1722 1460 1790 genitura,
1500 1722 1682 1789 aliqua
1713 1721 1871 1774 stella

198 1797 256 1849 in
295 1794 411 1849 MC.
451 1794 615 1847 fuerit
660 1795 901 1863 inventa,
945 1793 1108 1846 faciet
1154 1798 1339 1863 gratos
1386 1795 1604 1847 decoros
1615 1837 1628 1864 ‚
1674 1795 1869 1863 quibus

198 1888 392 1923 uxores
431 1868 848 1938 moriger-entur,
895 1870 949 1919 et
989 1868 1184 1935 quibus
1233 1868 1299 1920 ab
1340 1869 1596 1920 uxoribus
1635 1868 1868 1921 felicitas

200 1943 528 2011 conferatur,
589 1945 644 1994 et
706 1942 886 1994 omnia
941 1959 1305 2010 quaecumque
1358 1942 1627 1994 voluerint
1691 1960 1870 1994 conse-

201 2021 439 2086 quentes.
511 2014 568 2068 Si
621 2033 747 2068 vero
801 2014 976 2067 aliena
1021 2014 1205 2067 Venus
1260 2034 1291 2067 a
1345 2015 1651 2068 cardinibus
1704 2015 1869 2068 fuerit
1893 2036 1936 2069 25
2013 2049 2014 2063 ¹

201 2091 498 2144 constituta
535 2089 661 2158 (et)
692 2089 975 2141 malivolae
1015 2088 1202 2140 stellae
1243 2087 1427 2158 [quae]
1467 2089 1523 2141 in
1562 2089 1868 2142 cardinibus

202 2163 410 2234 [fuerit]
460 2164 813 2216 constitutam
852 2161 1058 2214 Lunam
1103 2161 1235 2214 forti
1281 2163 1579 2215 radiatione
1625 2163 1870 2231 possede-

199 2238 325 2307 rint,
365 2237 638 2305 expositos
679 2255 710 2288 a
740 2236 1053 2304 parentibus
1093 2235 1256 2288 faciet
1295 2239 1349 2288 et
1380 2237 1615 2305 †statim
1646 2235 1866 2288 faciunt.

346 2386 368 2423 1
404 2382 504 2438 aut]
536 2380 612 2423 uel
643 2385 680 2422 V
801 2385 826 2423 2
860 2382 941 2423 aut
972 2380 1051 2438 ad]
1092 2380 1153 2423 ad
1183 2394 1239 2424 ex
1269 2382 1352 2423 aut
1381 2385 1419 2422 V
1539 2384 1564 2422 5
1596 2381 1678 2422 aut
1708 2379 1788 2437 κσ]
1822 2381 1871 2422 et

201 2444 227 2483 9
260 2439 298 2483 si
328 2444 365 2481 V
393 2441 398 2495 Ι
427 2452 531 2482 eum
560 2439 668 2498 lune
700 2452 801 2482 uen.
834 2438 1000 2499 posite,
1034 2453 1144 2483 corr.
1178 2438 1227 2481 A'
1381 2443 1434 2482 10
1467 2437 1778 2482 contentiosas
1812 2465 1866 2469 —

202 2503 254 2541 11
287 2497 673 2553 conflictationes,
713 2511 824 2541 corr.
857 2515 885 2541 κ
992 2503 1045 2541 17
1076 2497 1316 2554 patientur
1345 2502 1504 2539 MR³V
1615 2501 1668 2539 18
1701 2496 1867 2541 abhor-

198 2557 324 2601 tabit
353 2562 385 2599 P
507 2562 560 2600 19
594 2557 701 2599 edet
731 2555 779 2598 A'
810 2559 815 2612 Ι
850 2559 903 2599 ut
934 2557 980 2614 κ]
1014 2559 1096 2600 aut
1144 2557 1149 2614 Ι
1192 2555 1257 2598 eis
1289 2560 1487 2597 MaPRv
1522 2556 1527 2610 Ι
1568 2557 1728 2610 pectus
1759 2554 1822 2596 Vb
1857 2555 1863 2613 Ι

199 2616 431 2660 laceratus
462 2615 583 2658 fetus
607 2615 734 2658 Jahn
757 2616 921 2659 Philol.
945 2619 1022 2670 26,
1046 2626 1068 2656 8
1098 2621 1147 2659 at
1176 2616 1232 2669 cf.
1256 2615 1334 2668 fol.
1360 2614 1594 2657 LXXXI
1616 2614 1695 2657 col.
1721 2616 1750 2656 3
1774 2614 1868 2656 ima

201 2676 317 2720 Rose
340 2676 435 2719 ind.
468 2674 629 2718 Theod.
655 2674 799 2717 Prisc.
832 2680 872 2718 et
902 2674 1062 2718 Soram.
1155 2678 1210 2716 20
1240 2685 1384 2715 uenus
1410 2675 1528 2729 (uen.
1553 2675 1629 2728 M),
1661 2685 1771 2715 corr.
1805 2687 1868 2715 κσ

202 2739 256 2777 22
290 2733 418 2787 cuius
450 2746 633 2788 uxores,
672 2746 781 2776 corr.
816 2748 843 2774 a
991 2737 1046 2775 23
1077 2731 1418 2788 morigeruntur
1446 2735 1577 2773 MPB.
1725 2735 1779 2774 26
1820 2733 1869 2773 et

202 2793 306 2836 add.
339 2791 388 2834 A'
447 2793 453 2850 Ι
510 2793 591 2836 del.
632 2805 694 2835 κσ
724 2797 765 2834 et
795 2790 843 2832 A'
881 2793 1031 2846 possis
1059 2789 1393 2845 malivolaeque
1543 2794 1596 2831 27
1629 2789 1722 2832 dici
1758 2791 1869 2833 solet

199 2850 435 2906 possidere
465 2851 639 2906 locum,
671 2849 905 2893 cardinem
1054 2854 1109 2893 28
1139 2850 1243 2903 fort.
1275 2847 1442 2891 finiunt
1480 2849 1535 2902 cf.
1569 2851 1678 2901 127,
1703 2859 1744 2888 12
1780 2849 1874 2891 ΙΙΙ

200 2914 344 2963 11,12.
378 2914 449 2965 13,
474 2921 496 2950 2
535 2910 781 2966 pereuntes
813 2909 1018 2963 displicet
