2014 3202
830 110 851 152 I
876 114 916 164 9,
942 112 1094 164 2—10‚
1120 122 1152 153 s.
1762 108 1835 160 35

155 232 437 286 adustione
478 231 682 284 torrida
720 228 896 300 ignito
949 228 1126 282 colore
1170 227 1420 298 perpetui
1466 228 1679 282 ruboris
1719 227 1835 281 infi-

158 307 312 360 citur.
389 305 541 358 Duae
595 322 745 372 vem,
800 321 934 372 quae
990 307 1258 356 extremas
1313 302 1500 355 mundi
1555 302 1837 356 continent

94 401 102 407 ·
154 383 338 450 partes
370 378 569 431 dextris
602 377 875 447 laevisque
906 376 1167 429 lateribus
1199 376 1555 446 inhaerenteS,
1588 377 1834 430 caeruleo

157 454 335 507 colore
381 451 624 523 signatae
673 450 806 504 atris
858 469 1068 519 semper
1107 449 1370 503 imbribus
1410 419 1740 502 inun⁷dantur
1778 454 1834 503 et

116 549 137 582 5
162 529 439 581 concretae
487 525 660 595 glacie
710 523 1053 593 sempiternis
1107 523 1313 592 pruinis
1360 526 1414 576 et
1460 523 1665 577 duratis
1712 525 1837 594 gelu

160 599 374 653 nivibus
416 598 747 652 obsidentur.
819 598 970 651 Inter
1007 597 1106 649 has
1146 598 1278 650 duas
1327 597 1552 667 frigidas
1592 601 1647 651 et
1684 597 1890 651 illam5

160 674 391 744 igneam,
432 691 566 741 quae
598 692 696 742 per
726 672 957 724 mediam
989 670 1174 724 mundi
1206 671 1416 724 ducitur
1447 675 1672 740 partem,
1702 672 1837 724 duae

167 750 296 799 sunt
347 746 588 799 residuae
651 745 998 815 constitutae,
1061 764 1194 814 quas
1255 744 1474 815 frigoris
1536 749 1590 798 et
1644 746 1838 799 caloris

166 820 340 873 mixta
378 819 666 889 temperies
706 819 957 873 clementi
994 818 1361 872 moderatione
1399 819 1668 872 formavit.
1719 819 1839 873 Hae

6 895 11 902 ’
96 918 138 949 10
167 898 294 947 sunt
318 895 451 947 duae
477 912 655 964 zonae,
673 913 808 963 quae
835 911 991 947 omne
1016 892 1371 946 animantium
1397 911 1564 963 genus
1587 893 1645 946 in
1662 897 1839 948 terrae

165 968 365 1021 finibus
412 987 477 1020 ex
529 968 624 1021 illa
672 968 966 1037 tranquilla
1021 966 1419 1020 commixtionis
1472 966 1839 1021 moderatione

80 1090 83 1091 γ
164 1045 548 1112 progenerant,
592 1061 690 1111 per
737 1061 869 1110 quas
917 1042 983 1093 ad
1030 1042 1292 1111 omnium,
1346 1059 1480 1109 quae
1526 1041 1840 1111 gignuntur,

166 1119 317 1168 ortus
366 1120 421 1168 et
465 1135 686 1169 occasus
732 1134 828 1184 per
866 1133 1022 1168 omne
1070 1133 1259 1167 aevum
1307 1115 1513 1168 oblicus
1560 1116 1838 1185 signorum

167 1190 296 1242 ordo
338 1190 684 1258 convertitur,
723 1190 780 1242 in
820 1208 925 1258 quo
967 1187 1058 1241 Sol
1098 1193 1153 1241 et
1192 1188 1358 1258 Luna,
1402 1189 1634 1257 quinque
1674 1189 1837 1242 etiam

96 1286 138 1318 15
164 1263 351 1315 stellae
401 1267 641 1315 errantes
651 1305 665 1331 ‚
720 1281 855 1332 quae
908 1263 1155 1332 planetae
1210 1282 1242 1314 a
1289 1261 1507 1315 Graecis
1561 1266 1842 1334 vocantur,

163 1340 312 1388 certa
366 1354 427 1389 ac
480 1337 700 1389 definita
761 1355 971 1405 semper
1033 1337 1332 1406 agitatione
1394 1337 1721 1406 discurrunt3
1782 1341 1837 1390 et

162 1410 300 1479 (ad)
323 1410 516 1462 harum
542 1411 821 1463 stellarum
846 1429 1061 1463 cursum
1095 1428 1252 1462 omne
1281 1409 1636 1462 animantium
1668 1428 1836 1480 genus

158 1488 417 1552 perpetua
457 1484 561 1536 sibi
601 1484 814 1554 generis
851 1485 1243 1553 propagatione
1283 1484 1534 1536 succedit.
1596 1483 1886 1539 Istarum6

162 1558 395 1626 quinque
441 1576 697 1610 zonarum
742 1557 823 1610 vis
878 1561 1042 1625 atque
1087 1560 1283 1609 natura
1330 1556 1663 1626 quarundam
1710 1575 1830 1628 gen-

90 1654 132 1685 20
163 1631 302 1683 tium
340 1631 584 1684 homines
624 1631 879 1683 uniformi
920 1632 1096 1683 colore
1127 1634 1504 1701 progenerant,
1542 1631 1620 1683 ita
1652 1635 1833 1684 tamen

154 1707 216 1756 ut
262 1705 319 1756 in
369 1706 488 1773 ipsa
532 1705 758 1757 unitatis
813 1704 948 1758 facie
1004 1723 1229 1773 corpora
1280 1704 1560 1758 hominum
1613 1709 1832 1774 quanta—

153 1796 379 1847 cumque
420 1779 702 1831 stellarum
738 1779 1037 1832 radiatione
1084 1779 1372 1832 varientur.
1451 1778 1828 1847 Quaecumque
1848 1782 1880 1833 7

150 1850 321 1920 igitur
360 1869 491 1922 gens
530 1853 811 1905 hominum
849 1853 931 1904 illi
973 1853 1180 1905 adiacet
1218 1870 1402 1922 zonae,
1450 1870 1584 1920 quae
1634 1853 1828 1922 sempi-

151 1928 306 1977 terna
351 1926 633 1979 adustione
680 1926 823 1996 ignis
870 1927 1195 1994 incenditur,
1249 1927 1377 1979 licet
1431 1928 1504 1978 sit
1559 1926 1660 1978 sub
1715 1928 1831 1979 eius

86 2020 129 2054 25
152 2017 316 2052 zonae
353 1999 600 2068 partibus
641 2001 927 2068 collocata,
975 2018 1110 2070 quae
1150 2019 1214 2052 ex
1253 2000 1554 2069 composita
1593 2000 1828 2052 modera-

152 2073 300 2125 tione
338 2074 574 2127 formata
612 2077 717 2143 est,
765 2074 830 2126 ad
870 2074 1150 2143 fingendos
1190 2077 1372 2126 tamen
1412 2073 1629 2126 colores⁴
1656 2073 1827 2126 homi-

150 2165 280 2198 num
319 2146 503 2216 ignem
542 2147 647 2200 sibi
688 2166 752 2200 ex
791 2147 997 2200 vicinae
1039 2147 1315 2218 societatis
1356 2146 1826 2200 coniunctionibus

151 2224 447 2289 mutuatur,
478 2224 540 2274 ut
563 2222 808 2275 homines
842 2221 907 2273 ad
932 2221 1293 2273 imitationem
1320 2221 1624 2273 inustarum
1648 2239 1828 2274 rerum

153 2292 258 2345 atri
298 2312 507 2363 semper
545 2295 718 2348 forma
757 2294 951 2348 coloris
992 2294 1238 2347 infuscet.
1302 2294 1450 2357 Quae
1481 2312 1608 2347 vero
1640 2298 1821 2363 partes
1842 2297 1875 2349 8

301 2487 322 2525 1
358 2482 510 2526 calore
542 2488 600 2532 Q.a
719 2489 744 2526 3
778 2482 1043 2538 dextrisque
1076 2487 1110 2531 Q,
1220 2490 1247 2527 4
1279 2483 1505 2527 imbribus
1540 2484 1733 2540 Bentley
1763 2484 1827 2526 ad

150 2541 315 2586 Horat.
341 2556 375 2585 c.
401 2543 494 2586 III
509 2545 582 2587 24.
608 2546 668 2586 39
691 2557 715 2586 e
738 2543 886 2599 Ver9.]
918 2541 1106 2585 niuibus
1138 2547 1272 2585 HPB.
1300 2542 1503 2586 nubibus
1536 2547 1571 2591 Q.
1660 2547 1686 2585 5
1719 2554 1824 2584 con-

154 2602 307 2644 cretae
339 2601 552 2667 Bentley]
586 2604 802 2645 concreta
829 2604 835 2657 Ι
879 2600 1048 2644 duratu
1079 2606 1113 2643 P
1203 2606 1228 2645 8
1261 2601 1427 2645 eoloris
1451 2606 1532 2644 PR
1623 2605 1648 2643 9
1679 2600 1766 2659 hee
1792 2604 1827 2648 Q,

155 2663 207 2702 11
241 2659 506 2703 commixtio
536 2662 588 2703 in
616 2661 707 2715 fine
738 2661 883 2704 lineae
912 2664 956 2701 Π
1100 2665 1153 2704 13
1185 2674 1361 2704 ocasus
1381 2665 1416 2709 Q
1453 2661 1460 2718 Ι
1501 2659 1716 2714 obliquus
1747 2663 1826 2707 ΡΩ,

154 2722 208 2760 15
241 2721 448 2762 errantes
479 2720 535 2777 A]
567 2722 725 2763 errant
844 2723 896 2762 17
931 2718 991 2762 ad
1022 2719 1127 2763 add.
1161 2718 1210 2762 A'
1251 2720 1348 2776 (ubi
1376 2721 1431 2762 ut
1454 2732 1542 2775 pro
1576 2720 1624 2761 et
1653 2723 1695 2762 et
1724 2731 1824 2760 suc-

154 2776 306 2833 cedat)
456 2782 512 2821 19
550 2780 720 2821 natura
757 2776 828 2835 A‘]
863 2777 1044 2821 iactura
1077 2779 1084 2836 1
1122 2778 1426 2834 quarumdam
1457 2783 1496 2820 Β
1613 2781 1669 2819 24
1698 2775 1822 2834 ignis

153 2835 227 2892 κσ]
257 2835 445 2892 ignibus
503 2838 510 2894 Ι
567 2836 652 2880 sub
684 2836 782 2880 eius
816 2835 878 2879 sit
899 2840 968 2878 1⁸
1086 2841 1142 2881 25
1174 2837 1427 2880 collocatus
1459 2840 1516 2885 αθ
1664 2840 1720 2879 26
1752 2837 1824 2878 est

154 2891 277 2951 Sitti]
309 2896 357 2937 et
476 2899 531 2938 27
562 2896 806 2940 subiectum
835 2908 928 2938 non
957 2895 1052 2939 iam
1079 2910 1202 2953 qens,
1230 2897 1306 2940 sed
1335 2909 1450 2939 zona

1503 2968 1559 3010 3*
