2014 3202
169 166 239 217 22
467 188 473 193 ·
888 166 1115 210 FIRMICI

170 287 387 339 virtutis
427 290 695 339 extorrem
734 290 893 357 atque
933 289 1142 340 exulem
1191 288 1387 342 civium
1436 307 1657 341 suorum
1696 307 1843 342 seve-

83 361 151 413 12
172 362 387 413 rissima
426 361 638 413 decreta
683 360 938 413 fecerunt.
1015 362 1067 414 Is
1114 362 1344 431 patriam
1389 362 1602 432 fugiens
1649 366 1843 415 totam-

170 453 271 501 que
325 433 605 486 Graeciam
654 435 718 486 ad
775 435 950 487 aliena
1001 436 1237 504 primum
1289 437 1541 488 transivit
1593 436 1841 506 imperia3

170 507 418 576 Sybarim
450 511 503 560 et
529 506 823 560 Crotonam
855 509 977 561 exul
1008 509 1249 562 incoluit.
1314 508 1417 562 Sed
1448 528 1546 562 nec
1577 510 1655 562 ibi
1686 511 1841 562 illum

167 581 367 634 diutius
406 581 624 634 f‘ortuna
664 582 915 650 detinuit3
954 601 1080 635 nam
1117 601 1258 636 nunc
1296 602 1392 652 per
1431 582 1660 653 LocrOS,
1697 602 1839 637 nunc

163 674 261 724 per
300 655 592 708 Tarentum
632 658 686 707 et
731 674 826 724 per
874 673 1057 708 omnes
1105 674 1271 725 paene
1310 656 1500 709 Italiae
1543 675 1663 709 oras
1703 657 1840 727 fugi-

165 729 309 782 tivus
364 729 577 781 erravit.
670 729 811 782 Ecce
866 730 932 782 ad
986 730 1239 782 ultimum
1297 731 1514 782 flamma
1569 731 1838 784 saeviente

166 803 526 855 circumdatur
565 805 619 854 et
658 820 779 855 cum
824 803 919 856 illo
959 804 1162 872 pariter
1211 804 1529 857 miserorum
1567 805 1729 857 turba
1759 805 1838 857 in·

81 875 146 927 13
165 877 351 928 cendio
392 879 673 946 grassante
715 877 1008 929 conficitur.
1089 877 1229 940 Quid
1268 878 1422 947 agis?
1472 877 1658 930 Etiam
1698 897 1839 931 nunc

166 950 390 1019 derogas
436 950 550 1003 fato
598 953 652 1002 et
700 951 979 1003 stellarum
1017 949 1126 1003 vim
1178 951 1453 1004 obstinata
1493 951 1837 1004 animositate

165 1024 479 1093 contemnis,
512 1042 634 1077 cum
658 1023 840 1076 videas
866 1024 1131 1077 bonorum
1155 1025 1326 1077 malos
1353 1025 1542 1093 exitUS,
1573 1026 1840 1078 malorum

163 1115 450 1166 prosperos
491 1100 658 1165 actUS,
698 1097 1064 1151 innocentium
1103 1139 1114 1150 .
1140 1139 1151 1150 .
1179 1139 1190 1150 .
1223 1098 1604 1167 (nocentium)
1645 1099 1838 1152 securi-

163 1172 341 1224 tates?
404 1169 503 1223 Oui
549 1171 681 1223 haec
727 1171 959 1224 tribuis?
1011 1171 1161 1224 cuius
1207 1171 1339 1224 haec
1384 1172 1709 1241 putasvfieri
1756 1173 1841 1224 de·

164 1245 361 1297 cretis?
436 1244 617 1313 Iniqui
658 1263 865 1314 summ,
904 1245 972 1313 si,
1012 1264 1133 1298 cum
1171 1246 1304 1298 haec
1353 1246 1531 1298 omnia
1569 1246 1726 1298 nobis
1765 1245 1841 1298 fa-

161 1323 343 1371 torum
377 1319 605 1387 imperia
638 1319 939 1387 decernant,
971 1320 1142 1372 adhuc
1166 1318 1370 1389 rigidae
1397 1318 1837 1372 contradictionis

163 1392 598 1445 animositatibus
647 1408 1023 1462 repugnamus,
1107 1392 1170 1445 In
1219 1411 1429 1445 summa
1474 1393 1578 1445 tibi
1624 1410 1841 1461 respon-

161 1467 392 1518 dendum
430 1469 528 1533 est,
569 1466 696 1534 quia
734 1466 837 1518 hoc
875 1484 974 1518 nos
1007 1466 1183 1518 facere
1215 1466 1520 1534 praesentia
1551 1467 1840 1519 hortantur

163 1541 427 1608 exempla:
467 1543 522 1592 et
553 1539 659 1606 ille,
692 1539 785 1608 qui
815 1557 1012 1592 nocens
1046 1543 1143 1607 est,
1175 1539 1288 1592 fato
1323 1543 1548 1609 cogente
1581 1540 1840 1609 peccavit,

161 1617 216 1666 et
254 1612 362 1683 ille,
401 1614 493 1682 qui
524 1613 779 1666 innocens
812 1613 1112 1680 damnatur,
1151 1612 1307 1665 fatali
1337 1613 1658 1666 necessitate
1699 1631 1840 1666 com-

159 1687 348 1756 pulsus
405 1705 646 1740 severam
692 1686 1170 1739 animadversionis
1219 1687 1542 1739 sententiam
1594 1685 1834 1754 pertulit.

78 1761 146 1813 14
162 1761 248 1813 Ad
285 1763 339 1813 te
378 1779 519 1813 nunc
559 1761 887 1830 singularem
926 1761 1124 1826 virum,
1162 1759 1398 1826 Plotina,
1437 1760 1739 1824 veniemus,
1778 1764 1838 1812 ut

163 1833 516 1904 allegationes
547 1838 761 1886 nostras
793 1835 1089 1886 recentium
1122 1834 1491 1902 exemplorum
1521 1833 1837 1902 patrociniis

162 1908 481 1960 muniamus.
553 1907 696 1970 Quas
737 1907 829 1960 ille
869 1907 1244 1976 philosophiae
1282 1925 1392 1959 non
1425 1906 1610 1977 attigit
1644 1910 1839 1976 parteS,
1917 1933 1923 1939 ·

163 2000 284 2035 cum
323 1981 569 2034 doctrina
608 1982 721 2033 eius
761 1981 904 2034 vitae
945 1985 1259 2050 sequeretur
1297 1981 1554 2050 insignia,
1609 1999 1730 2033 cum
1768 1980 1839 2050 id,

165 2056 306 2124 quod
346 2055 587 2124 docebat,
625 2073 737 2108 non
775 2055 973 2123 alien0‚
1013 2055 1106 2107 sed
1144 2053 1363 2123 proprio
1403 2055 1623 2106 virtutis
1664 2058 1837 2106 osten-

164 2130 311 2181 deret
381 2127 665 2198 exemplo?
736 2128 886 2181 cuius
943 2148 1007 2181 ex
1059 2146 1150 2181 ore
1203 2131 1479 2196 tamquam
1542 2146 1606 2180 ex
1673 2129 1836 2196 adyto

165 2203 397 2270 quodam
436 2203 646 2255 divinae
689 2202 985 2254 sententiae
1024 2201 1450 2270 proferebantur.
1526 2200 1656 2253 Fuit
1694 2219 1841 2253 nam-

167 2293 268 2344 que
308 2275 399 2327 ille
438 2275 521 2327 vir
559 2277 625 2327 ad
665 2276 846 2327 omnia
882 2276 1100 2328 virtutis
1150 2279 1465 2327 ornamenta
1504 2275 1836 2343 compositus

163 2352 217 2401 et
278 2348 425 2400 omni
486 2349 788 2401 divinarum
844 2349 1259 2418 dispositionum
1319 2348 1496 2401 studio
1557 2348 1838 2412 formatus,

162 2423 338 2475 iustus
384 2421 542 2473 fortis
589 2422 845 2489 providus
893 2426 1223 2492 temperatus
1271 2425 1325 2474 et
1373 2422 1465 2489 qui
1505 2439 1560 2474 se
1601 2421 1837 2474 crederet

162 2495 434 2548 Fortunae
467 2495 702 2563 impetus
735 2496 1102 2563 providentiae
1134 2513 1292 2564 posse
1331 2494 1541 2547 ratione
1574 2511 1839 2562 superare.

164 2653 540 2713 (compositum)
579 2659 631 2698 ut
654 2668 701 2709 p.
731 2656 808 2707 22,
832 2665 875 2695 28
994 2661 1021 2698 4
1055 2653 1245 2698 sibarim
1277 2657 1311 2701 Q
1431 2658 1456 2696 9
1490 2653 1725 2695 crassante
1763 2656 1841 2700 ΡΟ,

173 2713 241 2756 ais
273 2729 302 2755 v
386 2718 437 2756 11
465 2711 750 2768 contempnis
774 2717 852 2760 ΡΟ.
929 2718 982 2756 13
1007 2714 1093 2757 1100
1116 2715 1254 2770 putas
1280 2716 1314 2759 Q
1384 2716 1437 2754 19
1463 2711 1743 2767 dampnatur
1763 2715 1841 2759 PQ

171 2774 240 2828 (in
270 2787 356 2827 quo
387 2778 449 2816 est
473 2777 577 2828 post
599 2771 874 2827 compulsus,
904 2773 981 2816 sed
1007 2774 1151 2830 siquis
1171 2771 1501 2826 transponitur)
1591 2774 1645 2812 23
1677 2769 1841 2825 phylo-

170 2830 359 2887 sophiae
390 2835 435 2872 M
564 2835 620 2873 25
652 2829 972 2873 ostenderetur
1002 2835 1150 2887 MPQ„
1187 2843 1297 2873 corr.
1330 2833 1367 2870 V
1487 2833 1541 2871 26
1575 2827 1702 2871 adito
1735 2829 1842 2871 libo-i

171 2893 224 2931 27
257 2903 365 2932 nam
398 2894 432 2937 Q,
551 2894 607 2932 28
640 2891 848 2932 ormenta
879 2893 923 2931 Μ
1073 2894 1127 2933 29
1171 2889 1377 2931 firmatus
1416 2886 1589 2943 ΜΡῦα,
1629 2888 1684 2941 cf.
1721 2890 1763 2941 7,
1785 2897 1840 2930 23.

165 2951 239 3001 30,
262 2959 318 2991 29.
352 2952 423 3003 40,
450 2960 468 2989 5
500 2953 541 2991 et
573 2959 613 2988 21

1864 973 1906 1003 10

1865 1339 1906 1371 15

1862 1708 1904 1738 20

1861 2074 1903 2107 25

1861 2442 1905 2472 30
