2014 3202
104 821 170 873 10

103 1557 165 1608 11

192 112 226 164 2
232 112 260 163 7
267 113 299 165 6
915 112 1141 156 FIRMICI

191 233 237 285 si
271 232 533 285 Saturnus
558 201 722 300 <eos>
747 232 927 302 aliqua
957 232 1256 286 radiatione
1289 234 1599 304 respexerit,
1622 235 1854 303 publicis
1905 303 1908 307 Ι

191 305 462 374 custodiis,
502 306 717 372 publico
759 324 968 359 carcere
1008 309 1062 359 et
1099 306 1330 375 publicis
1365 310 1675 361 catenarum
1711 309 1858 362 nexi-

189 381 288 431 bus
328 379 654 448 obligantur,
692 383 752 431 ut
792 379 1040 448 deturpet
1079 398 1168 433 eos
1207 380 1425 434 intonsa
1457 381 1684 434 crinium
1724 401 1857 436 sem-

188 470 284 521 per
321 452 571 521 inluvies;
618 455 672 504 et
711 471 801 505 eos
848 453 906 504 in
943 453 1042 505 tali
1086 454 1407 508 necessitate
1449 454 1756 525 constituit,
1794 459 1856 509 ut

190 527 255 578 ab
295 525 528 579 inimicis
569 525 824 578 alimenta
863 527 1177 597 deposcant3
1217 527 1310 580 alii
1348 528 1405 580 in
1440 529 1685 582 custodia
1715 533 1770 582 et
1799 530 1856 583 in

188 599 414 652 vinculis
461 603 863 668 perseverantes
909 600 1052 652 vitae
1097 601 1389 654 terminum
1435 603 1721 671 complent.
1799 601 1856 656 Si

189 691 312 726 vero
353 673 598 741 Iuppiter
643 673 743 725 hos
791 691 974 726 omnes
1023 691 1087 725 ex
1135 675 1316 743 aliqua
1353 679 1506 744 parte
1546 677 1856 746 respexerit,

187 747 245 799 in
282 747 498 816 templis
539 765 629 799 eos
669 746 802 800 facit
842 745 1124 800 servilibus
1165 748 1356 801 officiis
1397 750 1657 818 deputari.

336 819 394 873 Si
443 819 597 872 Luna
648 838 770 873 cum
808 819 1015 874 Venere
1066 821 1124 873 in
1171 821 1473 891 horoscopo
1513 823 1598 875 vel
1643 823 1701 875 in
1738 820 1855 877 MC.

185 894 457 963 partiliter
502 893 665 946 fuerit
710 895 949 964 inventa,
995 893 1158 947 faciet
1204 899 1364 949 notos
1402 896 1611 948 nobiles
1650 899 1705 948 et
1744 897 1856 966 qui·
1881 918 1923 950 ιο

185 969 286 1021 bus
334 967 567 1020 maxima
612 968 899 1036 potestatis
948 967 1293 1022 conferantur
1338 969 1588 1039 insignia.
1669 969 1734 1022 In
1774 987 1856 1023 oc-

186 1060 312 1095 casu
342 1059 484 1110 vero,
522 1041 663 1094 idest
694 1042 751 1093 in
780 1040 902 1094 VII.
935 1043 1001 1094 ab
1033 1042 1334 1111 horoscopo
1367 1043 1502 1111 loco,
1540 1045 1594 1095 et
1623 1043 1680 1096 in
1711 1042 1858 1097 IMO.

183 1115 389 1168 humile
429 1132 598 1184 genus
631 1114 820 1167 matris
857 1116 1173 1181 ostenditur,
1214 1117 1306 1169 sed
1338 1117 1531 1184 quibus
1562 1134 1858 1186 numquam

185 1188 387 1259 aliquid
434 1189 571 1241 desit
610 1189 745 1258 <ad>
791 1192 969 1242 totum
1013 1189 1158 1242 vitae
1206 1189 1527 1258 subsidium3
1575 1191 1667 1243 sed
1704 1189 1763 1243 hi
1801 1190 1858 1243 in

184 1263 360 1331 prima
398 1265 574 1314 aetate
611 1262 759 1315 varia
791 1281 1001 1331 semper
1032 1264 1316 1331 pulsantur
1347 1263 1584 1316 infamia.
1652 1263 1716 1316 In
1747 1282 1857 1316 om·
1881 1285 1922 1318 15

183 1337 343 1389 nibus
384 1354 508 1388 sane
549 1336 719 1406 signis
760 1354 821 1390 ac
852 1337 1002 1404 lociS,
1042 1337 1087 1389 si
1118 1335 1271 1389 Luna
1304 1356 1425 1390 cum
1449 1337 1659 1390 Venere
1690 1337 1857 1390 fuerit

185 1411 415 1478 inventa,
448 1410 673 1462 duarum
705 1428 950 1463 sororum
975 1411 1200 1463 maritos
1229 1411 1360 1465 facit
1386 1413 1479 1463 aut
1503 1411 1729 1464 duorum
1752 1410 1859 1463 fra-

186 1487 328 1535 trum
354 1501 546 1536 uxores
572 1487 666 1536 aut
692 1485 890 1536 adfines
918 1484 984 1537 ad
1016 1485 1349 1538 matrimonii
1372 1484 1646 1537 vinculum
1671 1484 1855 1538 sociat.

337 1554 395 1609 Si
434 1556 586 1609 Luna
625 1575 746 1610 cum
787 1558 1051 1611 Mercurio
1091 1559 1149 1610 in
1186 1558 1487 1626 horoscopo
1527 1559 1611 1611 vel
1649 1557 1708 1610 in
1738 1555 1854 1610 MC.

2003 771 2008 954 ἓ

1999 982 2006 1187 Ι

187 1629 458 1700 partiliter
489 1629 652 1682 fuerit
683 1632 917 1694 inventa,
947 1632 1251 1684 litterarum
1282 1631 1460 1701 gratia
1491 1632 1663 1684 claros
1695 1630 1858 1683 faciet
1882 1652 1925 1684 20
1993 1603 1999 1661 ἶ

187 1722 248 1757 ac
293 1703 502 1756 nobiles
551 1707 605 1755 et
653 1707 809 1772 aptos
857 1705 923 1756 ad
971 1722 1126 1756 omne
1172 1704 1557 1774 negotiationis
1605 1704 1855 1756 officium.

188 1777 246 1831 Si
284 1795 410 1830 vero
458 1777 515 1828 in
562 1795 775 1845 occasu,
820 1777 961 1830 idest
1007 1778 1063 1830 in
1103 1777 1226 1830 VII.
1265 1778 1332 1830 ab
1380 1778 1681 1845 horoscopo
1721 1778 1857 1844 loco,

186 1850 271 1904 vel
309 1851 366 1903 in
412 1849 557 1904 IMG.
596 1850 760 1903 fuerit
805 1851 1047 1919 inventa,
1093 1853 1244 1904 actus
1291 1850 1616 1904 creditarum
1662 1868 1856 1919 rerum,

187 1924 390 1977 fenoris
446 1942 506 1977 ac
559 1923 831 1976 rationum
885 1924 1062 1977 officia
1113 1924 1363 1977 decernit.
1447 1923 1596 1976 Haec
1648 1942 1748 1977 nos
1800 1924 1858 1976 in

186 1997 392 2051 ultimis
438 1997 565 2050 libri
610 1997 856 2066 partibus
907 1998 1143 2050 breviter
1193 1998 1390 2051 dixisse
1442 1996 1701 2066 sufficiat3
1753 1997 1856 2050 hoc
1882 2019 1925 2051 25

187 2072 330 2125 enim
382 2072 485 2124 iste
539 2070 762 2124 ultimus
817 2075 1065 2140 operatus
1122 2074 1205 2124 est
1251 2089 1450 2140 sermo,
1505 2073 1566 2123 ut
1617 2069 1858 2123 omnium

185 2145 618 2214 praecedentium
657 2145 1084 2213 disputationum
1132 2148 1186 2197 et
1227 2144 1467 2198 omnium
1495 2187 1504 2196 .
1531 2185 1543 2197 .
1569 2186 1579 2196 .
1606 2186 1616 2195 .
1651 2144 1718 2196 ad
1755 2162 1860 2197 me-

187 2218 415 2271 moriam
453 2221 604 2270 tuam
643 2222 919 2271 revocaret
959 2218 1224 2272 effectum.

335 2367 358 2404 1
392 2363 606 2405 saturnus
640 2362 679 2404 si
710 2368 829 2405 GDE
857 2365 862 2419 Ι
891 2362 996 2406 add.
1031 2362 1137 2407 Sittl
1243 2367 1267 2405 2
1301 2361 1478 2406 carceri
1510 2366 1628 2404 an
1734 2366 1759 2404 3
1792 2359 1861 2403 in-

186 2423 320 2464 tensa
350 2425 387 2463 A
507 2424 534 2462 4
564 2420 795 2477 ingluuies
828 2421 965 2464 cn¹E
1086 2425 1111 2464 5
1143 2420 1193 2463 in
1217 2426 1320 2476 post
1351 2423 1397 2464 et
1428 2434 1509 2464 om.
1543 2425 1626 2462 DE
1742 2423 1766 2463 7
1801 2431 1857 2461 ex

186 2493 267 2524 om.
301 2480 402 2522 D¹E
522 2483 548 2522 8
580 2478 695 2522 facit
725 2492 802 2522 eos
834 2485 912 2522 DE
1047 2485 1072 2522 9
1107 2479 1145 2523 si
1176 2493 1258 2523 om.
1292 2484 1329 2522 A
1370 2484 1474 2535 post
1502 2492 1587 2521 mc.
1615 2479 1751 2534 ponit
1779 2481 1812 2519 B
1850 2476 1856 2535 Ι

186 2538 235 2580 in
264 2538 385 2596 Mo]
416 2537 466 2581 in
496 2550 631 2581 merc.
659 2543 686 2579 0
716 2537 870 2581 medio
894 2544 972 2581 DE
1087 2543 1141 2581 10
1173 2537 1314 2582 fuerit
1343 2536 1578 2593 partiliter
1599 2542 1680 2579 DE
1707 2538 1714 2590 Ι
1740 2534 1859 2578 facit

187 2603 265 2639 DE
409 2602 462 2640 12
496 2597 561 2654 et]
595 2596 670 2639 uel
701 2600 738 2638 A
765 2596 770 2654 Ι
798 2596 847 2639 in
878 2610 1013 2640 merc.
1041 2602 1068 2639 0
1220 2601 1273 2639 13
1307 2596 1580 2640 ostendatur
1610 2595 1671 2637 nl
1701 2595 1855 2638 osten-

189 2655 323 2699 detur
345 2661 379 2698 E
473 2661 526 2699 14
552 2655 611 2698 ad
643 2655 746 2699 add.
773 2660 807 2697 E
836 2655 842 2712 Ι
869 2654 937 2712 hi]
973 2655 1051 2698 -ΙΙ-
1079 2661 1107 2697 0
1190 2659 1243 2698 17
1278 2668 1432 2698 sorum
1463 2659 1491 2696 0
1576 2657 1630 2696 18
1663 2653 1741 2710 ad]
1777 2654 1859 2696 aut

189 2718 304 2756 ABc
426 2719 479 2757 19
511 2713 606 2771 uel]
638 2715 691 2756 ut
720 2713 821 2755 D¹E
857 2714 862 2770 Ι
897 2726 1031 2757 merc.
1058 2719 1086 2756 0
1133 2713 1286 2756 media
1318 2711 1406 2756 celi
1428 2716 1509 2754 DE
1639 2715 1695 2754 20
1726 2713 1859 2767 parte

190 2778 305 2815 an
334 2773 339 2830 Ι
367 2772 507 2815 fuerit
537 2786 619 2816 om.
637 2776 674 2814 A
701 2772 707 2827 Ι
733 2771 901 2814 facitA
991 2777 1045 2814 22
1078 2771 1127 2814 in
1158 2785 1324 2815 occasu
1355 2785 1437 2814 om.
1463 2775 1491 2812 0
1580 2773 1634 2811 23
1659 2782 1792 2813 merc.
1830 2776 1858 2812 0

190 2829 281 2873 imo
315 2830 401 2873 celi
426 2836 503 2873 DE
573 2835 627 2873 25
659 2829 814 2874 ultimi
837 2834 914 2872 AB
942 2831 947 2886 Ι
975 2829 1176 2873 breviter
1206 2844 1288 2874 om.
1315 2834 1431 2871 cDE
1459 2830 1465 2883 Ι
1493 2827 1608 2871 haec
1633 2832 1660 2869 0
1733 2832 1787 2870 27
1812 2830 1860 2872 et

193 2889 395 2931 omnium
426 2903 506 2933 om.
533 2893 610 2931 AB
651 2891 703 2932 ut
735 2887 887 2932 omnia
913 2894 940 2930 0
968 2890 973 2944 Ι
1003 2889 1083 2932 lac.
1116 2894 1216 2933 stat.
1250 2887 1355 2934 Sittl
1443 2889 1499 2929 28
1531 2887 1717 2930 reuocet
1741 2891 1858 2929 οΒΕ
