2014 3202
205 162 314 214 214
932 161 1160 205 FIRMICI

155 283 346 335 9vitae
405 282 581 350 spatia
630 285 947 350 perseveret.
1034 282 1091 336 Si
1141 301 1267 336 vero
1326 281 1535 335 minuta
1587 282 1788 336 lumine
1847 301 1922 336 a>

206 357 329 408 Jove
371 356 605 407 defluens
644 355 849 408 feratur
888 356 953 408 ad
985 355 1327 426 Mercurium,
1366 375 1429 409 ex
1467 356 1666 408 litteris
1698 356 1782 410 vel
1814 375 1880 409 ex

206 429 490 497 disciplina
531 429 710 498 aliqua
749 432 843 481 aut
882 448 946 481 ex
982 429 1190 483 horreis
1231 433 1385 483 etex
1415 430 1878 500 negotiationibus

203 503 366 556 faciet
404 503 548 555 vitae
589 503 951 555 substantiam
988 504 1073 556 vel
1114 504 1355 556 subsidia
1388 507 1727 573 quaerentes3
1767 504 1880 573 qui-

204 578 325 629 dam
350 576 675 628 hereditates
702 577 911 645 aliquas
945 581 1314 646 consecuntur,
1347 578 1465 630 alii.
1492 620 1501 629 .
1529 620 1538 629 .
1566 578 1879 647 .invenient,
1925 598 1946 631 5

205 650 298 702 alii
337 650 737 703 commendatas
787 649 892 702 sibi
938 669 1023 702 res
1071 650 1364 721 abnegant,
1412 654 1472 703 ut
1515 670 1579 704 ex
1617 652 1724 704 ista
1762 670 1879 721 per-

203 725 331 777 fidia
369 723 684 792 patrimonii
724 724 829 776 sibi
866 722 1136 793 praesidia
1176 727 1502 794 comparent.

119 798 187 851 10
350 797 399 849 Α
447 797 596 850 Iove
643 797 819 850 Luna
869 798 942 850 ad
993 796 1352 851 Saturnum.
1431 797 1488 851 Si
1539 817 1570 850 a
1615 798 1742 851 Iove
1793 799 1877 851 de—

203 873 373 924 fluens
412 871 567 924 Luna
614 872 680 924 ad
722 870 1015 924 Saturnum
1062 871 1267 924 feratur
1306 875 1360 924 et
1401 873 1472 925 sit
1511 891 1754 926 crescens
1793 872 1877 925 vel

201 946 361 1014 plena
392 945 702 1015 luminibus,
741 944 904 998 faciet
936 945 1004 998 ab
1038 945 1306 998 extraneis
1339 945 1585 1014 adoptari
1616 946 1700 998 vel
1731 945 1879 1015 ipsos
1905 966 1948 998 10

203 1020 406 1072 alienae
448 1019 653 1072 subolis
699 1023 882 1088 patres
933 1021 1027 1072 aut
1073 1020 1344 1072 minorum
1383 1023 1592 1072 tutores
1631 1019 1716 1072 vel
1753 1037 1879 1089 pro-

202 1099 477 1160 curatores
509 1092 660 1163 facit,
694 1093 787 1145 alii
820 1093 1091 1162 expositos
1124 1093 1208 1146 vel
1243 1093 1549 1146 subtractos
1581 1093 1722 1146 filios
1754 1095 1880 1162 post

203 1167 433 1220 multum
473 1166 733 1236 temporis
782 1166 1017 1237 spatium
1055 1167 1294 1220 invenire
1343 1170 1625 1237 coguntur.
1702 1166 1880 1219 Erunt

202 1242 419 1310 aquosis
468 1260 678 1310 semper
724 1244 886 1310 atque
930 1240 1167 1293 humidis
1215 1239 1425 1294 actibus
1470 1239 1738 1309 implicati
1785 1242 1881 1293 aut

201 1315 438 1368 adsiduis
500 1315 1027 1385 peregrinationibus
1086 1314 1196 1384 [vel
1249 1313 1745 1385 peregrinantibus]
1803 1332 1880 1366 er·
1903 1333 1946 1366 15
2007 1355 2014 1370 .

200 1391 381 1441 rantes
435 1395 527 1441 aut
572 1388 979 1459 peregrinarum
1026 1388 1285 1442 mercium
1331 1387 1507 1458 gratia
1543 1388 1880 1458 naviganteS,

201 1467 262 1515 ut
302 1481 367 1515 ex
404 1462 512 1515 ista
551 1463 957 1516 conversatione
997 1462 1140 1515 vitae
1179 1462 1288 1514 illis
1321 1462 1590 1531 praesidia
1623 1479 1882 1530 quaeram

118 1536 183 1587 11
203 1540 305 1588 tur.
391 1535 449 1588 Si
498 1554 625 1589 vero
677 1537 886 1589 minuta
930 1536 1225 1588 luminibus
1273 1555 1305 1588 a
1353 1536 1479 1589 Iove
1526 1535 1763 1588 defluens
1811 1535 1878 1587 ad

204 1608 495 1662 Saturnum
534 1609 761 1679 feratur,
807 1613 901 1662 aut
947 1609 1141 1678 exponi
1187 1609 1351 1662 faciet
1397 1612 1490 1661 aut
1537 1627 1671 1662 onus
1717 1608 1879 1662 servi-

201 1684 336 1736 tutis
375 1682 585 1751 inponit
626 1686 719 1735 aut
757 1683 1113 1735 infortunium
1154 1683 1379 1735 miserae
1425 1682 1759 1750 captivitatis
1799 1681 1873 1734 in·
1900 1702 1944 1733 20

201 1757 332 1816 dicit
371 1761 464 1809 aut
499 1757 607 1808 alia
636 1756 771 1808 vitia
803 1760 897 1809 aut
927 1756 1246 1808 valitudines
1278 1755 1424 1824 facit,
1446 1758 1524 1807 ‘ut
1557 1756 1730 1808 omnis
1762 1754 1878 1807 vita

202 1849 387 1883 eorum
442 1829 597 1900 gravi
651 1830 851 1883 doloris
907 1830 1198 1883 acerbitate
1257 1829 1503 1881 confecta
1553 1829 1661 1882 cito
1713 1829 1877 1880 finem

201 1905 428 1957 miserae
480 1902 670 1957 mortis
720 1903 973 1956 incurrat.
1061 1902 1263 1965 Quodsi
1312 1905 1576 1956 nocturna
1627 1902 1879 1972 genitura

201 1978 366 2031 fuerit
405 1981 458 2030 et
497 1977 650 2030 Luna
689 1978 898 2030 minuta
944 1976 1236 2029 luminibus
1285 1995 1315 2028 a
1354 1976 1479 2029 Iove
1526 1976 1763 2028 defluens
1811 1976 1878 2028 ad

205 2051 495 2105 Saturnum
542 2051 768 2120 feratur,
818 2051 951 2104 facit
998 2049 1240 2120 quolibet
1287 2067 1480 2120 genere
1526 2050 1876 2103 biothanatos
1902 2068 1945 2102 25

202 2125 438 2179 interire.

995 2241 1088 2294 XI.
1997 2236 2002 2296 ἶ

156 2346 183 2397 1
349 2345 400 2398 Α
444 2344 648 2399 Marte
693 2345 869 2398 Luna
916 2345 989 2397 ad
1030 2342 1254 2397 Solem.
1333 2345 1377 2397 A
1420 2344 1594 2396 Marte
1641 2343 1876 2395 defluens
1975 2368 2014 2479 j

203 2419 356 2472 Luna
397 2420 442 2472 si
480 2419 686 2472 feratur
726 2421 792 2472 ad
834 2418 1035 2487 Solem,
1083 2419 1316 2470 maxima
1357 2417 1490 2470 vitia
1526 2417 1877 2470 valitudines-

204 2511 306 2561 que
346 2492 583 2547 decernit
633 2497 688 2547 et
734 2494 894 2546 breve
945 2493 1087 2544 vitae
1138 2495 1351 2561 tempus
1401 2491 1594 2544 tribuit
1644 2492 1698 2541 et
1746 2489 1876 2542 facit
1899 2491 2014 2567 3⁰35}

204 2567 551 2620 biothanatos
583 2566 803 2618 interire
837 2570 892 2618 et
923 2564 1247 2636 generaliter
1278 2563 1510 2617 maxima
1540 2562 1875 2615 infelicitatis
1993 2565 2014 2574 “’

353 2775 375 2812 1
411 2769 620 2827 spacium
650 2772 763 2810 ΗΒΕ·
864 2773 889 2810 3
921 2765 1391 2825 negotiati—ationibus
1422 2769 1467 2807 M
1569 2770 1594 2808 5
1628 2764 1878 2808 absconsas

204 2842 275 2871 res
299 2830 446 2885 suppl.
471 2829 689 2884 Ne'methy
712 2827 765 2870 cl.
790 2829 965 2880 218,31.
992 2831 1099 2883 226,
1110 2838 1141 2871 4.
1253 2829 1303 2868 11
1327 2823 1475 2881 patris
1498 2828 1543 2867 M
1645 2828 1697 2867 15
1724 2824 1807 2868 del.
1824 2822 1875 2866 A'

211 2891 262 2928 17
296 2889 368 2944 ut]
405 2890 488 2930 aut
518 2892 550 2929 P
578 2890 582 2943 Ι
610 2884 912 2942 nauigatione
943 2890 999 2927 Pa
1148 2889 1202 2928 23
1234 2882 1428 2926 incurrit
1458 2887 1491 2925 P
1564 2884 1764 2925 noturna
1794 2887 1833 2924 B.
1866 2881 1874 2941 Ι

206 2944 422 3000 genitura
453 2960 534 2989 om.
559 2950 658 3000 MP,
690 2945 913 2999 expunxit
935 2948 973 2985 R
1093 2948 1148 2986 30
1179 2944 1315 2986 breve
1346 2941 1469 2985 vitae
1529 2942 1617 2999 ittl]
1642 2940 1876 2984 breuitate
