2014 3202
842 121 909 166 111
930 126 971 179 6,
996 133 1156 168 21—25.
1728 121 1835 175 151

161 243 423 298 Saturnus
462 244 641 314 aliqua
678 246 833 312 parte
871 243 1219 313 respexerint,
1256 243 1422 296 faciet
1461 243 1671 296 steriles
1704 242 1833 312 <et>

166 318 252 386 qui
292 336 546 388 generare
583 336 691 370 non
729 316 940 386 possint
988 320 1042 369 et
1090 315 1183 386 qui
1230 317 1447 370 difficile
1486 317 1703 386 nuptias
1745 317 1833 369 ad-

163 390 470 460 ipiscantur,
509 395 563 444 et
601 390 911 459 frequenter
941 409 1232 459 puerorum
1265 394 1534 443 amatores
1566 391 1698 444 facit
1739 394 1833 443 aut

165 466 446 519 mulierum
491 465 856 518 scaenicarum
906 464 990 517 vel
1048 464 1140 533 qui
1187 464 1418 533 publicis
1467 464 1831 522 mercimoniis

116 558 138 590 5
163 540 417 607 praesint,
469 538 789 608 praesertim
836 537 881 590 si
935 537 1012 591 sic
1057 537 1236 606 posita
1283 538 1339 590 in
1384 538 1608 607 tropicis
1659 537 1831 608 signis

162 611 325 664 fuerit
359 611 669 679 constituta,
710 612 802 665 sed
843 611 983 665 circa
1019 612 1380 664 substantiam
1420 612 1688 682 gradatim
1722 630 1833 665 cre-

162 688 368 737 scentes
405 689 460 739 et
492 685 687 754 quibus
722 689 1011 755 augmenta
1040 685 1307 738 honorum
1345 686 1429 739 vel
1469 686 1634 738 etiam
1665 685 1835 754 patri-

159 758 339 810 monia
379 759 672 812 amicorum
708 759 976 843 praesidio
1018 759 1382 821 conferantur,
1422 763 1608 830 gratos
1647 762 1831 812 tamen

159 834 213 884 et
250 837 502 886 venustos
541 833 719 887 faciet.
793 833 868 886 Et
916 833 962 885 si
1010 832 1098 885 sic
1130 833 1311 901 posita
1349 832 1534 886 Venus
1579 833 1830 887 coniunc-

6 940 15 943 ν
90 927 133 958 10
156 905 359 958 tionem
412 905 592 960 Lunae
646 906 913 960 venientis
970 906 1261 976 acceperit,
1314 906 1478 960 faciet
1530 907 1830 976 locupletes

155 978 346 1032 divites
387 981 664 1050 †maxime
703 980 1035 1050 potentiores
1085 980 1250 1033 etiam
1290 979 1494 1051 gloriae
1540 984 1593 1033 et
1633 980 1829 1050 quibus

156 1071 473 1123 magnarum
503 1058 835 1123 potestatum
868 1073 995 1108 cura
1033 1055 1336 1125 mandetur3
1375 1055 1647 1107 interdum
1678 1055 1831 1107 nobi-

153 1127 287 1180 lium
327 1128 608 1180 civitatum
653 1128 816 1181 faciet
863 1129 1046 1181 decem
1091 1128 1310 1197 primos,
1389 1127 1446 1181 Si
1485 1147 1612 1181 vero
1652 1131 1824 1181 matu·
1841 1126 1916 1180 24

154 1200 269 1253 tina
313 1201 369 1254 in
409 1202 511 1255 hoc
550 1202 668 1255 loco
708 1202 872 1254 fuerit
918 1203 1136 1254 inventa
1184 1205 1238 1254 et
1284 1201 1449 1254 simili
1495 1202 1653 1255 modo
1701 1220 1826 1255 con-

86 1296 128 1328 15
157 1274 483 1328 iunctionem
522 1275 702 1328 Lunae
741 1275 1006 1328 venientis
1047 1276 1330 1344 exceperit,
1370 1294 1401 1327 a
1439 1276 1615 1344 prima
1647 1279 1827 1328 aetate

155 1347 314 1400 faciet
339 1353 587 1417 potentes
613 1353 668 1401 et
692 1349 843 1417 tales,
878 1349 1072 1417 quibus
1106 1368 1137 1401 a
1166 1349 1342 1418 prima
1374 1352 1549 1402 aetate
1581 1352 1826 1418 potestas

154 1422 335 1490 aliqua
375 1422 766 1491 committatur,
812 1422 892 1475 ita
936 1426 996 1475 ut
1036 1423 1248 1493 magnis
1292 1423 1420 1476 viris
1469 1425 1563 1475 aut
1601 1423 1829 1492 impera-

151 1495 360 1548 toribus
386 1497 516 1549 fides
542 1497 808 1549 amicitiae
833 1497 1026 1549 merito
1052 1497 1394 1567 coniungant,
1420 1499 1474 1548 et
1500 1497 1592 1565 qui
1614 1515 1827 1566 semper

150 1586 318 1637 usque
359 1570 426 1622 ad
456 1571 709 1622 ultimum
742 1569 883 1622 diem
913 1571 1055 1623 vitae
1090 1570 1269 1640 gratia
1303 1571 1603 1623 venustatis
1639 1589 1829 1624 ornen-

82 1646 263 1713 2otur3
311 1646 365 1695 et
411 1643 638 1696 fortiora
684 1644 817 1697 haec
864 1648 1044 1712 erunt,
1093 1643 1139 1696 si
1186 1643 1263 1697 sic
1303 1644 1502 1697 Veneri
1546 1648 1601 1697 et
1640 1643 1826 1698 Lunae

150 1717 207 1769 in
255 1717 359 1770 hoc
405 1718 524 1770 loco
578 1717 772 1786 positis
819 1716 1116 1771 Mercurius
1172 1736 1228 1770 se
1288 1718 1470 1787 aliqua
1523 1719 1825 1771 radiatione

150 1790 488 1844 coniunxerit
526 1792 611 1844 vel
652 1791 697 1843 si
730 1810 851 1844 cum
882 1790 1016 1860 ipsis
1047 1793 1104 1844 111
1137 1792 1324 1844 eodem
1354 1791 1474 1845 loco
1506 1792 1671 1844 fuerit
1704 1811 1827 1846 con-

150 1864 389 1917 stitutus,

295 1937 359 1990 In
404 1938 716 1992 duodecimo
764 1939 882 1991 loco
931 1938 1115 1991 Venus
1162 1940 1228 1991 ab
1275 1939 1578 2008 horoscopo
1625 1939 1822 1992 consti·
1837 1938 1912 1993 25

81 2033 125 2066 25
150 2014 270 2064 tuta
311 2011 356 2064 si
395 2012 452 2064 in
489 2016 754 2066 nocturna
789 2012 1039 2082 genitura
1079 2013 1155 2065 sic
1194 2011 1359 2064 fuerit
1389 2011 1623 2082 inventa,
1661 2012 1825 2065 faciet

151 2083 436 2137 mulierum
477 2092 648 2138 causa
675 2086 890 2138 assiduo
931 2085 1190 2138 tristitiae
1231 2086 1413 2138 dolore
1453 2086 1693 2138 cruciari.
1765 2084 1827 2139 Si

150 2158 227 2212 sic
267 2157 557 2227 [exemplo]
600 2159 836 2227 positam
866 2158 1013 2211 Mars
1054 2162 1108 2211 et
1146 2158 1445 2211 Mercurius
1485 2158 1615 2211 forti
1654 2159 1826 2212 radia-

148 2233 294 2285 tione
334 2234 649 2301 respexerit,
696 2232 859 2285 faciet
906 2231 954 2284 ei
1001 2233 1068 2284 ab
1118 2231 1326 2284 ancillis
1373 2232 1615 2286 libidinis
1662 2251 1825 2287 causa

297 2380 319 2419 1
356 2378 402 2420 et
433 2377 537 2420 add
564 2375 612 2418 A‘
721 2381 746 2419 6
780 2375 1044 2420 substantia
1067 2381 1100 2418 P
1192 2381 1216 2419 7
1248 2377 1426 2433 horum,
1457 2390 1570 2422 corr.
1603 2394 1630 2421 κ
1662 2377 1824 2443 (bono-

146 2449 249 2478 rum
280 2437 321 2491 σ)
378 2437 384 2492 Ι
442 2435 585 2478 etiam
616 2434 705 2490 uel,
738 2440 958 2490 transpos.
984 2452 1011 2478 κ
1068 2437 1074 2493 Ι
1130 2435 1424 2492 patromonia
1446 2441 1504 2479 pa
1534 2451 1598 2480 an
1628 2435 1821 2480 m-onii?

148 2498 173 2537 8
205 2493 440 2550 praesidia
470 2499 527 2536 1²⁸·
647 2499 671 2537 9
705 2492 1050 2537 coniuntionem
1080 2498 1118 2536 B
1150 2495 1283 2552 (idem
1316 2498 1387 2552 14)
1502 2499 1554 2538 11
1586 2509 1626 2540 v.
1650 2509 1692 2552 y.
1724 2508 1824 2538 ma-

146 2552 298 2596 ximae
326 2552 566 2610 potentiae
598 2554 646 2596 et
677 2552 854 2609 gloriae
886 2552 1161 2609 (potentiae,
1201 2553 1389 2598 maioris
1422 2553 1631 2608 etiam?);
1671 2552 1823 2610 gloria

149 2612 345 2656 Mueller
496 2617 548 2655 12
580 2613 883 2668 potestatem,
916 2626 1026 2655 corr.
1061 2610 1109 2654 A'
1162 2614 1167 2670 Ι
1225 2627 1336 2656 cura
1365 2613 1612 2656 mandetur
1642 2611 1713 2670 A']
1746 2611 1822 2655 cui

146 2671 393 2714 mandetur
423 2675 558 2719 ΗΕΒ.
590 2647 894 2714 cumandetui·
916 2675 949 2712 P
980 2671 1327 2715 commendetur
1352 2676 1390 2714 V
1483 2677 1535 2715 16
1566 2672 1820 2728 potentem,

147 2742 259 2774 corr.
292 2728 340 2772 A'
487 2735 541 2774 18
580 2729 768 2783 merita,
816 2743 928 2773 corr.
967 2729 1151 2775 Dressel
1187 2730 1337 2774 fidelis
1378 2744 1464 2774 am.
1504 2728 1669 2773 merito
1713 2743 1821 2773 con-

147 2785 399 2844 iungantur
436 2803 462 2832 σ
611 2793 666 2831 20
699 2789 765 2846 et]
798 2787 879 2831 sed
910 2804 938 2830 a.
994 2790 1000 2845 Ι
1056 2803 1216 2845 11611118,
1247 2803 1359 2834 corr.
1392 2804 1422 2831 v
1563 2793 1616 2830 21
1650 2787 1754 2832 luco
1785 2793 1820 2831 P

148 2849 204 2888 26
236 2846 415 2891 dolores
446 2851 514 2889 11⁸⁵
615 2851 670 2890 27
702 2848 784 2890 del.
818 2845 866 2889 A'
902 2847 1063 2892 latetne
1094 2848 1228 2892 eam?
1326 2853 1381 2891 28
1412 2846 1699 2904 respexerint
1729 2845 1778 2890 A'
1807 2846 1815 2906 Ι

148 2902 191 2945 ei
222 2905 268 2962 κ]
301 2905 423 2949 enim
449 2907 455 2963 Ι
483 2905 690 2949 libidinis
722 2910 759 2948 V
791 2911 831 2950 et
860 2906 1084 2965 fort.11⁸]
1115 2906 1378 2951 libidinosis
