2014 3202
206 113 314 164 184
926 112 1152 157 FIRMICI

207 251 432 285 uxorem
471 233 689 285 difficile
729 238 1135 303 consequentur,
1173 253 1298 286 nam
1331 238 1488 286 erunt
1518 235 1794 288 libidinosi
1826 240 1881 288 et

148 309 179 358 9
209 326 272 358 ex
311 307 417 366 ista
456 325 510 358 re
553 307 783 374 quodam
822 309 979 361 modo
1026 309 1270 360 infames
1345 306 1408 360 In
1449 311 1715 361 nocturna
1752 327 1910 363 vero

208 379 456 449 genitura
495 379 540 431 si
580 381 877 434 matutinus
919 382 975 434 in
1012 382 1115 435 hoc
1153 382 1271 435 1000
1312 400 1431 434 cum
1470 381 1678 435 Venere
1717 382 1880 436 fuerit

202 454 469 520 inventuS‚
501 453 722 506 ancillas
755 458 849 507 aut
880 456 1066 508 viduas
1093 461 1186 508 aut
1214 455 1522 508 meretrices
1549 454 1879 508 matrimonii

203 526 309 579 sibi
334 527 512 596 gratia
545 528 901 595 copulabunt3
929 533 1080 581 actus
1113 549 1239 582 vero
1272 529 1549 581 habebunt
1576 529 1877 583 laboriosos
1908 553 1945 596 *5

203 604 258 652 et
298 600 516 653 serviles
557 604 611 652 et
651 601 792 654 circa
831 621 1039 670 aquam,
1079 604 1124 655 si
1163 604 1311 656 nulla
1351 603 1508 656 stella
1548 602 1624 656 sic
1662 603 1748 656 his
1779 622 1878 672 po-

203 674 323 726 sitis
386 675 442 726 in
505 674 710 727 decimo
775 676 841 727 ab
897 675 1195 745 horoscopo
1249 678 1368 730 loco
1427 677 1590 729 fuerit
1644 677 1877 730 inventa.

203 746 405 809 Quodsi
444 747 624 817 fuerit,
661 748 823 801 faciet
862 750 1082 818 proprio
1119 751 1303 803 labore
1336 751 1508 802 multa
1541 755 1878 820 quaerentes3

201 824 359 873 erunt
397 822 539 873 enim
585 822 857 892 peregrini
901 824 1268 892 negotiatores
1316 825 1704 893 gubernatores
1751 844 1878 877 nau-

115 897 180 948 10
202 895 330 947 cleri
367 895 452 947 vel
493 895 844 949 fabricatores
890 898 1021 949 auri.
1095 897 1450 965 Vespertinus
1497 917 1622 950 vero
1671 898 1726 950 in
1773 899 1875 951 hoc
1902 921 1944 953 ιο

199 969 319 1021 1000
347 969 393 1020 si
419 988 539 1021 cum
564 968 772 1022 Venere
797 970 962 1023 fuerit
992 972 1256 1039 inventuS‚
1290 972 1537 1023 cordatos
1566 972 1875 1041 ingeniosos

200 1041 436 1095 musicos
484 1044 568 1095 vel
617 1045 931 1113 organarios
978 1044 1143 1097 faciet
1189 1049 1284 1097 aut
1330 1045 1588 1098 tinctores
1637 1046 1877 1098 colorum

200 1120 293 1168 aut
335 1120 639 1169 aromatum
671 1122 764 1169 aut
797 1136 1132 1188 gemmarum
1170 1122 1264 1170 aut
1297 1119 1713 1188 margaritarum
1743 1135 1878 1170 mer-

199 1192 431 1260 catores3
482 1191 644 1243 faciet
693 1192 952 1259 quosdam
1001 1193 1307 1260 myropolas
1347 1192 1433 1245 vel
1476 1193 1874 1261 pigmentorum

197 1264 598 1316 medicinalium
629 1265 937 1318 inventores
973 1268 1196 1336 [erunt];
1234 1266 1397 1318 faciet
1430 1267 1593 1318 etiam
1628 1267 1704 1318 sic
1735 1267 1872 1334 posi·
1901 1288 1942 1321 15

197 1340 284 1389 tus
327 1337 635 1406 frequenter
674 1340 1013 1408 praepositos
1046 1340 1404 1409 metallorum,
1441 1344 1504 1392 ut
1536 1358 1599 1391 ex
1630 1339 1715 1392 his
1749 1339 1875 1392 acti-

198 1411 298 1462 bus
339 1412 572 1464 maxima
611 1412 720 1465 illis
759 1413 1082 1466 facultatum
1123 1414 1361 1466 subsidia
1401 1416 1742 1482 quaerantur.

111 1486 174 1537 11
345 1484 407 1536 In
441 1487 671 1553 septimo
703 1487 822 1539 loco
856 1488 921 1539 ab
956 1488 1258 1556 horoscopo
1284 1486 1580 1540 Mercurius
1614 1490 1668 1539 et
1690 1486 1873 1540 Venus

198 1557 402 1625 pariter
448 1559 653 1611 inventi
701 1561 1085 1613 absconsarum
1132 1560 1490 1613 valitudinum
1529 1561 1663 1612 vitia
1701 1561 1875 1612 decer-

195 1634 354 1700 nunt3
371 1631 578 1684 faciunt
591 1633 731 1684 enim
748 1637 841 1685 aut
854 1634 1131 1702 hepaticos
1150 1638 1244 1686 aut
1261 1634 1546 1686 freneticos
1568 1637 1661 1686 aut
1677 1635 1872 1686 melan·
1896 1655 1940 1688 20

197 1704 435 1757 cholicos
462 1709 515 1757 et
539 1706 623 1757 his
650 1707 853 1759 similes
878 1706 1218 1776 valitudine87
1253 1708 1344 1759 sed
1370 1708 1436 1759 ab
1462 1708 1645 1759 uxoris
1679 1707 1873 1759 affectu

198 1796 409 1847 semper
449 1780 651 1831 alienos
693 1784 746 1831 et
785 1798 954 1848 usque
995 1781 1060 1832 ad
1092 1781 1345 1832 ultimum
1377 1781 1519 1832 vitae
1551 1783 1765 1848 tempus
1797 1781 1872 1832 in-

112 1850 379 1906 12fames.
461 1851 517 1904 Si
558 1871 683 1905 vero
723 1853 781 1905 in
818 1853 921 1906 hoc
960 1853 1079 1906 loco
1119 1873 1215 1922 per
1253 1858 1467 1906 noctem
1508 1872 1629 1906 cum
1665 1853 1871 1906 Venere

196 1925 361 1978 fuerit
399 1925 664 1996 inventus,
705 1946 735 1978 a
774 1928 1088 1979 mulieribus
1128 1928 1212 1980 vel
1249 1928 1315 1979 ab
1348 1927 1605 1979 uxoribus
1638 1928 1874 1979 maxima

196 1999 307 2051 illis
349 2000 658 2052 divitiarum
698 2001 1006 2053 substantia
1046 2002 1352 2054 conferetur
1391 2004 1445 2053 et
1481 2001 1572 2069 qui
1605 2002 1870 2070 gradatim
1898 2022 1940 2055 25

195 2091 454 2140 processu
501 2075 694 2127 aetatis
743 2075 970 2143 grandes
1018 2075 1250 2127 honores
1298 2078 1351 2127 et
1398 2075 1662 2126 maximae
1709 2074 1872 2127 felici-

195 2146 326 2198 tatis
367 2147 601 2216 insignia
642 2153 1052 2217 consequantur,
1090 2149 1407 2217 praesertim
1449 2149 1494 2200 si
1533 2166 1642 2201 non
1674 2165 1762 2200 eos
1796 2150 1871 2200 sic

196 2221 406 2287 positos
442 2220 585 2273 Mars
626 2225 681 2273 et
715 2220 977 2274 Saturnus
1018 2241 1082 2274 ex
1122 2221 1301 2290 aliqua
1337 2227 1491 2291 parte
1524 2221 1872 2291 respexerint,

198 2293 292 2344 sed
332 2293 638 2361 specialiter
677 2293 953 2348 Saturnus.
1017 2295 1160 2348 Nam
1200 2297 1245 2348 si
1284 2295 1485 2348 fuerint
1523 2294 1631 2347 illis
1673 2295 1749 2347 sic
1779 2313 1872 2362 po-

199 2365 321 2418 sitis
369 2367 514 2419 Mars
570 2372 624 2420 et
682 2368 944 2421 Saturnus
999 2370 1180 2438 aliqua
1233 2370 1530 2421 radiatione
1587 2367 1871 2436 coniuncti,
1896 2390 1940 2421 30

197 2439 346 2510 haec,
385 2458 519 2509 quae
559 2442 806 2509 diximuS‚
845 2443 901 2494 in
941 2443 1269 2495 contrarium
1307 2446 1540 2496 vertunt.

318 2604 339 2641 1
376 2601 728 2655 consequantur,
762 2615 872 2644 corr.
901 2600 991 2650 QA‘
1097 2606 1122 2643 3
1154 2601 1242 2645 hoc
1274 2615 1356 2645 om.
1381 2605 1426 2643 M
1525 2605 1553 2642 4
1587 2598 1780 2642 aucillas
1805 2605 1873 2642 ma

199 2662 224 2700 5
258 2657 411 2713 gratia
451 2671 532 2701 om.
566 2662 645 2700 PB.
796 2665 820 2702 6
854 2660 992 2703 stella
1031 2674 1111 2704 om.
1138 2665 1175 2702 V
1324 2664 1349 2703 8
1388 2658 1556 2716 multa]
1596 2672 1658 2701 an
1691 2657 1873 2702 vitam?

200 2720 224 2758 9
256 2716 498 2773 penegrini
522 2721 559 2759 B.
680 2722 734 2760 10
758 2718 830 2760 vel
855 2719 978 2777 Sittl]
1003 2718 1126 2762 idest
1248 2723 1298 2761 11
1327 2732 1431 2761 cum
1454 2731 1534 2761 om.
1561 2721 1598 2758 V
1720 2722 1772 2759 12
1805 2717 1872 2760 lo—

198 2789 366 2830 corum,
400 2790 510 2819 corr.
537 2774 586 2818 A'
705 2781 758 2818 14
782 2777 1045 2833 muropolas
1163 2782 1216 2820 15
1248 2778 1330 2820 del.
1356 2774 1404 2818 A‘
1526 2779 1579 2818 18
1613 2775 1804 2818 aborosc
1828 2780 1872 2818 M

198 2838 250 2875 21
285 2833 503 2876 uxoribus
538 2834 729 2878 affectus
762 2837 830 2889 (us
864 2850 917 2878 eoe
947 2836 1051 2879 ibus
1082 2838 1198 2891 MP),
1231 2849 1341 2878 corr.
1375 2832 1423 2876 A'
1547 2838 1601 2876 25
1635 2833 1872 2877 conferan-

197 2893 284 2946 tur,
319 2907 430 2935 corr.
456 2892 504 2934 A'
606 2898 660 2936 26
693 2892 895 2936 maxima
919 2899 955 2935 V
1055 2899 1108 2937 29
1141 2893 1315 2950 positos
1339 2897 1441 2935 PR&
1538 2898 1593 2936 30
1625 2892 1804 2936 ratione
1828 2897 1872 2935 M
