2014 3202
217 131 324 183 256
949 130 1178 175 FIRMICI

136 254 204 306 36
371 248 506 303 Cum
559 267 688 319 ergo
743 268 807 302 ex
859 249 1041 303 Lunae
1097 268 1255 303 cursu
1310 250 1557 302 dominus
1613 249 1923 319 geniturae,

222 323 386 377 fuerit
424 323 696 391 inventus,
742 342 851 376 non
891 323 1143 376 debemus
1191 324 1369 393 ipsum
1416 323 1590 376 solum
1629 322 1892 393 singulari

220 397 429 449 ratione
484 397 771 465 respicere,
826 397 918 449 sed
975 415 1039 450 ex
1094 399 1341 450 omnibus
1405 397 1683 449 stellarum
1736 396 1893 449 illum

220 469 701 539 temperationibus
741 470 986 539 figurare.
1056 469 1191 524 Cum
1224 472 1366 523 enim
1399 470 1534 522 alter
1567 488 1688 523 cum
1720 470 1891 524 altero

221 543 385 596 fuerit
423 543 508 596 vel
548 562 668 596 cum
706 542 1081 595 testimonium
1119 562 1275 597 suum
1305 543 1632 613 praebuerit,
1670 562 1769 612 pro
1801 562 1892 596 na-

222 620 345 670 tura
390 635 487 669 sua
534 620 726 670 cuncta
773 620 866 669 aut
913 620 1075 687 auget
1123 619 1216 670 aut
1254 618 1470 687 minuit3
1519 621 1573 670 et
1612 617 1892 687 geniturae

222 690 467 743 dominus
508 689 697 743 alienis
730 691 1025 743 instructus
1062 691 1448 744 radiationibus
1482 694 1535 743 et
1567 709 1632 743 ex
1663 690 1892 761 singulis

223 765 418 833 stellis,
468 782 833 833 quaecumque
871 764 955 815 illi
1001 764 1372 817 testimonium
1411 765 1799 833 perhibuerint,
1839 767 1895 818 et

223 856 284 890 ex
331 838 437 891 loci
485 857 546 891 ac
567 870 570 871 ν
594 837 735 908 signi
780 841 1051 907 potestate
1106 838 1304 891 decreti
1357 838 1633 891 licentiam
1683 843 1892 891 mutua-

222 916 309 964 tus
357 911 652 964 efficaciam
699 930 852 964 suam
906 930 970 964 ex
1025 910 1197 964 aliena
1250 911 1546 964 radiatione
1602 913 1892 981 componit.
1917 934 1959 967 ιο

137 986 202 1039 37
226 984 280 1038 Si
322 1002 450 1055 ergo
491 986 760 1055 malignus
799 984 985 1054 fuerit,
1031 986 1401 1038 benivolarum
1448 986 1728 1038 stellarum
1773 1004 1892 1054 pro-

224 1058 394 1128 speris
427 1059 818 1112 radiationibus
851 1059 1135 1129 mitigatur
1167 1062 1222 1112 et
1245 1062 1364 1111 tota
1388 1057 1895 1125 malitiaamutatur

220 1132 523 1201 inprobitas
570 1137 646 1201 et,
683 1132 812 1186 licet
860 1133 932 1185 sit
971 1133 1037 1185 ad
1075 1133 1375 1186 nocendum
1412 1135 1658 1202 paratuS,
1698 1150 1761 1184 ex
1799 1132 1894 1187 bo·
1976 1147 1979 1149 ‘

220 1225 412 1258 narum
461 1206 740 1259 stellarum
786 1206 1098 1260 testimonio
1156 1207 1332 1276 gratia
1379 1206 1770 1275 quodammodo
1818 1205 1897 1260 in-

219 1280 424 1348 ficitur,
471 1281 788 1348 praesertim
829 1281 874 1332 si
922 1281 1161 1333 omnium
1207 1280 1575 1333 benivolarum
1613 1280 1894 1333 stellarum
1918 1302 1960 1335 15

220 1353 518 1406 radiatione
581 1357 874 1407 conventus
929 1354 1094 1423 <sit>3
1164 1355 1254 1407 sed
1317 1357 1371 1406 et
1440 1355 1596 1424 signo
1659 1357 1713 1406 et
1772 1354 1892 1408 loco

137 1426 205 1479 38
225 1426 478 1480 malivola
539 1427 822 1498 mitigatur
885 1428 1057 1480 stella.
1152 1426 1208 1480 Si
1262 1445 1391 1498 ergo
1445 1427 1625 1496 plures
1680 1426 1896 1499 fuerint,

222 1499 279 1551 in
325 1501 518 1567 quibus
566 1505 649 1554 est
704 1502 937 1554 salutare
990 1501 1339 1571 praesidium,
1393 1499 1684 1571 imaginem
1731 1501 1894 1554 etiam

222 1573 337 1642 ipse
378 1573 629 1626 salutaris
670 1574 866 1643 accipit
904 1575 1200 1628 voluntatis
1248 1578 1301 1627 et
1348 1575 1539 1627 melius
1579 1575 1893 1628 decernendi

222 1649 409 1699 votum
448 1647 629 1714 sumit,
670 1648 715 1700 si
753 1648 1014 1700 bonarum
1057 1648 1335 1701 stellarum
1376 1648 1630 1701 societate
1667 1648 1893 1701 nocendi
1917 1670 1960 1703 20

225 1721 517 1772 mutaverit
540 1721 890 1773 voluntatem.
952 1721 1101 1774 Tunc
1125 1721 1421 1773 infortunia
1445 1725 1499 1773 et
1523 1739 1713 1791 graves
1739 1740 1893 1775 casus

224 1793 497 1862 prosperis
539 1812 723 1847 rursus
765 1794 972 1847 actibus
1013 1795 1371 1864 corriguntur,
1409 1798 1535 1848 tunc
1570 1794 1807 1848 accusati
1839 1800 1894 1849 et

224 1868 282 1919 in
320 1868 575 1937 gravibus
617 1868 1015 1921 discriminibus
1056 1867 1341 1922 constituti
1382 1871 1475 1920 aut
1506 1869 1787 1922 sententiis
1818 1869 1895 1922 iu-

225 1940 402 1994 dicum
450 1944 544 1993 aut
589 1941 937 2012 indulgentiis
976 1941 1363 2010 principalibus
1402 1942 1722 2013 liberantur,
1765 1947 1894 1996 tunc

224 2014 585 2084 aegritudines
626 2015 754 2068 deus
794 2019 949 2068 sanat
987 2020 1042 2068 et
1082 2015 1261 2068 omnia
1299 2015 1442 2068 mala
1481 2016 1537 2068 in
1567 2015 1699 2086 ipsis
1730 2016 1894 2070 infor·
1916 2037 1958 2070 25

138 2088 206 2141 39
225 2089 500 2141 tuniorum
541 2088 821 2142 conatibus
862 2090 1301 2158 comprimuntur.
1381 2088 1438 2142 Si
1476 2108 1602 2143 vero
1643 2090 1895 2144 malivola

228 2162 386 2214 stella
425 2162 734 2215 dominandi
773 2163 1044 2216 licentiam
1086 2163 1201 2215 sola
1230 2163 1544 2233 perceperit,
1583 2166 1772 2216 contra
1801 2163 1894 2217 ho·

225 2235 425 2288 minem
457 2235 648 2289 acerba
680 2236 1082 2289 continuatione
1114 2240 1394 2306 grassatur
1417 2240 1472 2289 et
1493 2235 1742 2290 licentiae
1766 2255 1893 2291 suae

223 2309 363 2361 vires
410 2326 531 2361 cum
578 2326 802 2378 magnae
848 2308 1184 2363 necessitatis
1233 2314 1441 2363 exercet
1487 2310 1726 2379 imperio.
1805 2309 1894 2364 Sic

224 2382 505 2435 benivolae
553 2401 738 2435 rursus
787 2383 997 2454 stellae,
1043 2383 1089 2436 si
1126 2401 1235 2436 non
1279 2382 1480 2436 fuerint
1518 2384 1891 2437 malivolarum
1915 2405 1958 2438 30

374 2559 403 2598 4
435 2554 554 2599 alter
584 2569 688 2599 cum
719 2556 765 2613 a]
807 2556 1003 2600 alterum
1123 2563 1148 2601 5
1179 2557 1252 2601 vel
1284 2558 1407 2615 cum]
1445 2571 1597 2613 ‘nempe
1627 2556 1699 2600 vel
1737 2555 1780 2599 ei
1810 2562 1893 2604 aut

224 2613 297 2657 vel
330 2628 433 2657 cum
463 2613 506 2657 ei
534 2616 539 2672 Ι
566 2613 852 2671 perhibuerit
874 2616 1056 2660 Dressel
1175 2622 1200 2660 6
1234 2618 1316 2660 aut
1339 2617 1474 2672 prius
1502 2629 1585 2660 om.
1610 2619 1654 2657 Π
1681 2616 1687 2673 Ι
1714 2614 1893 2660 minuet

225 2671 382 2714 111an
409 2673 415 2731 1
442 2674 545 2727 fort.
570 2672 709 2739 <ita>
733 2674 780 2715 et
865 2678 887 2716 7
914 2674 1069 2731 alieni,
1094 2689 1206 2720 corr.
1232 2674 1280 2717 A'
1367 2679 1392 2717 9
1416 2674 1532 2728 loco,
1564 2687 1675 2718 corr.
1700 2672 1748 2716 A'
1779 2676 1785 2731 Ι
1814 2674 1892 2718 de-

226 2733 382 2774 cernet
405 2734 503 2787 (om.
521 2733 582 2788 H)
607 2730 865 2788 dihgentia,
890 2746 1001 2776 corr.
1027 2751 1054 2777 κ
1129 2738 1180 2777 11
1206 2731 1492 2790 prospexeris
1515 2736 1553 2774 R
1628 2737 1679 2774 12
1704 2732 1893 2776 malicia

225 2794 269 2830 M
340 2794 393 2832 16
418 2791 524 2833 add.
543 2807 570 2834 κ
605 2791 610 2849 Ι
645 2789 828 2847 signum
860 2793 907 2833 et
936 2791 1088 2835 locum
1117 2807 1176 2836 m.
1209 2791 1409 2847 mitigat,
1441 2803 1551 2834 corr.
1577 2807 1604 2834 κ
1702 2796 1756 2834 22
1786 2805 1892 2848 pro-

228 2847 429 2902 spexeris
460 2853 540 2890 PR
623 2854 678 2892 26
710 2847 1070 2904 comprimantur
1091 2855 1160 2892 Μ’*
1241 2855 1296 2893 28
1329 2861 1495 2892 acerua
1518 2853 1596 2891 PR
1679 2855 1733 2893 29
1765 2863 1891 2894 exer-

229 2907 302 2947 cet
332 2905 404 2964 A']
438 2909 564 2950 extet
595 2909 762 2963 (exstet
783 2909 833 2963 P)
863 2908 965 2960 fort.
999 2907 1146 2951 exerit
