2014 3202
197 104 303 156 180
662 152 666 155 ,
919 102 1147 148 FIRMICI

193 223 249 276 in
290 222 498 276 actibus
546 222 778 291 publicis
827 227 923 275 aut
960 224 1016 276 in
1064 223 1621 277 administrationibus
1669 227 1763 278 aut
1808 226 1865 277 in

194 296 637 365 occupationibus
686 295 991 367 constituit,
1038 298 1129 350 sed
1177 298 1234 350 in
1278 296 1410 366 ipsis
1459 297 1669 350 actibus
1714 317 1903 351 num-¹

192 388 354 438 quam
392 369 570 439 longis
611 373 915 438 temporum
965 371 1461 424 continuationibus
1501 375 1866 442 perseverant3

193 447 286 495 aut
344 442 483 495 enim
547 442 782 512 impetiti
845 447 939 496 aut
1000 444 1236 498 accusati
1291 447 1607 497 amoventur
1660 448 1714 498 61
1766 446 1867 499 fre-

191 520 416 586 quenter
462 517 673 569 iudiciis
721 515 1059 585 adplicantur
1104 525 1158 571 et
1202 518 1355 571 falsis
1404 519 1674 571 interdum
1720 537 1868 572 accu·
1913 539 1933 573 5

192 590 493 643 sationibus
534 591 933 661 opprimuntur3
973 610 1035 644 ex
1075 592 1266 660 quibus
1310 592 1623 645 infortuniis
1662 593 1741 645 ita
1780 611 1867 646 eo-

191 683 310 716 rum
351 663 679 732 patrimonia
718 664 1065 733 dissipantur,
1103 668 1164 718 ut
1203 664 1307 749 [in]
1349 666 1501 735 gravi
1534 666 1715 719 fenore
1747 685 1868 720 usu-

191 757 373 790 rarum
423 739 756 807 quatiantur3
807 739 900 791 sed
949 742 1003 791 et
1050 739 1336 808 sponsione
1385 743 1480 792 aut
1526 740 1868 793 fideiussione

195 812 374 879 aliqua
415 813 670 882 gravibus
710 812 1027 865 damnorum
1058 813 1141 865 vel
1175 813 1681 866 condemnationum
1713 832 1869 884 gene-

110 887 175 939 17
195 886 345 937 ribus
408 886 799 955 opprimuntur.
894 883 950 938 Si
1007 905 1133 939 vero
1186 886 1430 955 Iuppiter
1483 886 1749 940 Mercurio
1806 906 1867 940 ac
1893 908 1934 940 10

193 958 358 1011 Marti
412 960 617 1028 pariter
670 958 865 1028 positis
921 960 1101 1028 aliqua
1151 978 1208 1012 se
1259 960 1560 1012 testimonii
1610 962 1866 1014 societate

193 1033 546 1103 coniunxerit,
593 1038 687 1086 aut
726 1034 772 1085 si
812 1052 934 1086 cum
973 1034 1105 1102 ipsis
1151 1033 1356 1103 pariter
1402 1034 1566 1086 fuerit
1603 1034 1869 1105 inventus,

192 1125 418 1176 magnos
459 1108 515 1159 in
557 1108 806 1160 omnibus
854 1108 1064 1160 actibus
1112 1111 1165 1159 et
1204 1108 1261 1160 in
1308 1107 1751 1176 occupationibus
1794 1108 1868 1160 fa-

195 1180 320 1249 ciet,
368 1180 497 1249 <61>
537 1182 730 1250 quibus
771 1182 942 1234 multa
986 1182 1208 1251 negotia
1254 1182 1539 1234 credantur
1577 1185 1632 1234 et
1671 1182 1763 1251 qui
1804 1182 1879 1234 si-⁴

193 1254 310 1306 mili
350 1255 507 1308 modo
549 1260 604 1308 et
646 1254 902 1308 amittant
949 1255 1314 1308 substantiam
1358 1254 1564 1325 pariter
1603 1259 1658 1308 et
1707 1273 1868 1324 quae-
1893 1275 1935 1309 15

192 1332 329 1380 rant.
410 1327 466 1382 Si
506 1348 630 1382 vero
671 1330 756 1382 his
790 1329 973 1382 Venus
1014 1348 1069 1381 se
1103 1329 1284 1398 aliqua
1316 1329 1614 1381 radiatione
1647 1329 1868 1382 coniun-

193 1402 331 1454 xerit
370 1401 525 1470 <vel>
566 1404 612 1455 si
651 1422 772 1456 cum
811 1403 944 1471 ipsis
983 1403 1186 1472 pariter
1223 1403 1388 1455 fuerit
1427 1402 1659 1471 inventa,
1704 1402 1868 1455 faciet

195 1479 469 1528 exactores
508 1476 908 1545 imperatorum,
957 1477 1049 1545 qui
1088 1495 1290 1529 annuas
1329 1477 1595 1530 fiscalium
1633 1479 1867 1545 praesta-

195 1549 369 1601 tiones
409 1554 677 1619 repetant,
724 1551 1053 1602 discussores
1094 1551 1384 1603 rationales
1433 1554 1488 1602 et
1527 1550 1620 1619 qui
1667 1567 1867 1620 magna

111 1623 176 1676 18
194 1623 414 1691 negotia
469 1626 701 1675 tractare
755 1627 1158 1677 consueverunt.
1245 1623 1347 1676 Sed
1393 1623 1690 1676 Mercurius
1741 1642 1863 1675 cum
1888 1644 1932 1675 2⁰

194 1695 367 1747 Marte
409 1695 618 1749 diversa
656 1700 710 1749 et
757 1696 1079 1765 multiplicia
1127 1700 1342 1749 actuum
1391 1699 1484 1749 aut
1527 1696 1865 1748 administra·

193 1771 402 1821 tionum
442 1788 637 1840 genera
683 1771 941 1838 decernit3
987 1788 1110 1822 nam
1158 1770 1389 1822 varietas
1437 1770 1569 1822 haec
1614 1768 1883 1837 provenit

195 1844 485 1895 secundum
536 1844 853 1912 qualitatem
905 1843 1371 1912 substantiamque
1427 1842 1718 1913 signorum.
1795 1842 1865 1895 In

195 1916 448 1969 Mercurii
487 1919 627 1969 enim
675 1918 832 1970 domo
880 1917 964 1970 vel
1002 1918 1059 1969 in
1099 1916 1335 1986 [Martis]
1378 1916 1621 1985 partibus
1670 1917 1866 1969 consti·

193 1991 300 2042 tuti
337 1990 544 2043 faciunt
583 1995 850 2044 amatores
895 1991 1194 2060 palaestrae
1232 1990 1317 2043 vel
1356 1991 1587 2043 athletas
1633 1989 1866 2058 publicis
1893 2011 1934 2044 25

197 2065 577 2117 certaminibus
618 2063 930 2117 destinatos.
992 2063 1058 2116 In
1089 2063 1279 2117 Martis
1320 2083 1443 2116 vero
1480 2063 1649 2134 signis
1683 2068 1777 2116 aut
1808 2064 1865 2116 in

194 2139 439 2205 partibus
480 2139 763 2191 constituti
801 2155 1086 2208 pugnaceS,
1134 2141 1400 2191 amatores
1442 2156 1728 2207 armorum,
1768 2138 1863 2189 mi-

198 2212 341 2278 lites,
389 2216 671 2265 venatores
709 2213 941 2264 libenter
978 2211 1278 2264 nutrientes
1318 2211 1460 2264 feras
1502 2212 1685 2264 beluas
1732 2211 1863 2263 fera-

198 2303 421 2353 rumque
453 2286 805 2354 praepositOS‚
836 2286 1054 2339 nuntios
1087 2285 1172 2338 vel
1203 2285 1506 2339 veredarios
1539 2302 1726 2354 regum
1757 2284 1868 2335 red-

282 2467 287 2472 ·
348 2464 373 2501 2
406 2458 621 2515 occupati
653 2459 896 2503 constituti
926 2464 963 2501 V
1002 2460 1007 2516 Ι
1047 2458 1309 2515 constituti,
1342 2473 1452 2503 corr.
1479 2456 1527 2500 A'
1558 2459 1563 2514 Ι
1592 2455 1867 2512 actionibus,

202 2546 313 2576 corr.
348 2531 439 2581 QA'
620 2537 647 2574 4
678 2531 882 2588 impetiti
915 2533 1192 2598 Mommsen]
1231 2530 1445 2588 impediti
1494 2532 1499 2588 Ι
1551 2543 1753 2573 ammou-
1791 2534 1872 2572 Pv

202 2591 391 2634 admou-
414 2596 453 2634 B
573 2595 596 2633 7
623 2592 676 2633 ut
699 2605 780 2634 om.
806 2596 850 2633 M
878 2593 883 2648 Ι
910 2606 960 2634 111
982 2593 1064 2636 del.
1083 2596 1120 2634 V
1243 2596 1295 2634 13
1320 2587 1719 2646 occupationibus]
1751 2601 1871 2645 nego

202 2651 443 2706 scripserat
463 2654 508 2693 Μ
537 2650 615 2694 sed
645 2663 756 2693 corr.
790 2651 842 2692 in
873 2664 958 2693 ocu
990 2652 1057 2694 vel
1087 2664 1201 2693 occu
1322 2653 1375 2692 14
1400 2648 1504 2692 add.
1530 2664 1558 2691 κ
1679 2651 1732 2689 17
1765 2648 1870 2690 add.

203 2707 251 2750 A‘
377 2713 430 2752 18
464 2707 642 2752 animas
671 2711 716 2750 M
743 2710 749 2764 Ι
777 2708 1075 2763 fiscafiorum,
1115 2723 1225 2753 corr.
1251 2723 1280 2750 v
1399 2711 1451 2749 21
1485 2704 1799 2761 multiplicata
1828 2710 1873 2749 M

205 2772 259 2809 22
291 2767 379 2828 hec
410 2782 464 2812 ex
494 2768 581 2810 hoc
612 2772 693 2810 aut
716 2772 872 2810 contra
895 2772 940 2809 M
967 2769 972 2823 Ι
999 2766 1243 2824 praeuenit
1264 2770 1309 2808 M
1398 2769 1455 2808 24
1485 2765 1567 2808 del.
1593 2779 1620 2806 a.
1711 2769 1764 2807 25
1797 2764 1874 2808 1161

204 2831 244 2868 et
276 2831 329 2869 27
363 2827 592 2869 amatores
621 2826 819 2883 yeminat
849 2830 892 2866 M
1021 2831 1074 2869 27
1109 2839 1339 2869 armatum
1367 2828 1425 2866 Pa
1544 2827 1598 2866 28
1631 2825 1872 2866 uenerato-

203 2897 276 2926 res
307 2889 376 2926 1¹²
402 2886 408 2942 1
434 2883 691 2928 nutrientes
721 2884 920 2940 yeminat
949 2889 993 2926 Μ
1113 2889 1166 2928 29
1201 2881 1519 2935 uereradarios
1550 2886 1595 2923 M
