2014 3202
831 147 895 192 111
918 151 959 204 8,
983 152 1109 205 4-9,
1134 161 1166 192 1.
1512 131 1514 136 Ι
1727 149 1829 201 167

299 271 365 324 In
404 274 596 326 octavo
635 270 754 322 loco
787 269 854 321 ab
886 267 1188 337 horoscopo
1219 266 1518 322 Mercurius
1551 289 1674 324 cum
1706 268 1830 323 Sole
1887 272 1919 325 8

156 346 424 415 partiliter
462 343 793 398 constitutus
833 342 996 395 faciet
1035 342 1237 395 debiles
1279 343 1504 396 vitiosos
1545 347 1600 397 et
1633 344 1726 414 qui
1756 344 1831 397 fa-

155 420 244 472 cili
293 420 503 473 ratione
555 417 915 487 decipiantur3
965 417 1059 469 sed
1098 457 1109 469 .
1142 459 1153 470 .
1187 458 1199 470 .
1231 459 1242 469 .
1281 418 1339 470 in
1389 417 1493 471 hoc
1543 418 1662 471 loco
1711 436 1831 472 con-

159 494 337 546 stituti
375 492 751 546 biothanatam
789 493 1024 543 mortem
1061 490 1268 543 faciunt
1307 494 1362 544 et
1400 492 1694 545 decernunt
1731 492 1832 545 fre-

109 586 131 619 5
156 570 378 637 quenter
415 566 667 620 insanias.

297 640 361 693 In
397 658 541 693 nono
580 639 699 693 loco
748 638 815 691 ab
854 637 1155 708 horoscopo
1195 638 1492 692 Mercurius
1539 657 1661 693 cum
1704 638 1828 693 Sole
1884 642 1916 693 9

153 713 425 783 partiliter
463 714 794 768 constitutus
834 712 997 765 faciet
1036 714 1328 766 exorcistas
1369 717 1424 766 et
1462 712 1555 783 qui
1585 714 1831 767 laboran-

153 792 234 841 tes
280 788 602 841 daemonum
648 786 956 839 incursione
1002 787 1248 840 homines
1294 788 1545 840 remediis
1584 788 1831 856 liberent,

4 929 21 940 ,
149 865 213 914 ut
261 862 346 915 his
399 862 609 915 artibus
662 860 897 914 maxima
944 861 1055 914 illis
1105 861 1248 914 vitae
1301 861 1609 914 substantia
1655 861 1832 916 confe-

84 955 128 987 ιο
151 939 316 990 ratur.
1622 962 1625 965 ’

7 1006 10 1010 ’
297 1009 363 1062 In
401 1010 608 1063 decimo
647 1009 768 1062 loco
809 1008 877 1060 ab
916 1008 1218 1078 horoscopo
1257 1009 1399 1061 idest
1436 1009 1494 1062 in
1533 1008 1650 1063 ΜΟ.
1688 1008 1828 1063 Mer·
1850 1010 1920 1063 10

149 1083 330 1137 curius
371 1103 492 1137 cum
533 1081 657 1136 Sole
695 1081 969 1152 partiliter
1010 1083 1341 1136 constitutus
1379 1082 1438 1135 in
1475 1083 1585 1152 his,
1632 1084 1828 1152 quibus

150 1158 348 1227 gaudet
389 1157 560 1227 signis
591 1158 676 1210 vel
707 1157 764 1209 in
797 1156 991 1225 quibus
1032 1157 1315 1226 exaltatur,
1354 1175 1451 1226 per
1482 1157 1624 1210 diem
1661 1157 1828 1211 totius

153 1231 299 1284 orbis
339 1232 586 1284 dominos
626 1231 790 1284 faciet
822 1234 918 1283 aut
948 1230 1136 1284 multis
1168 1234 1224 1283 et
1255 1231 1504 1284 maximis
1536 1232 1828 1299 provinciis

83 1325 126 1357 15
149 1306 440 1374 potestatis
495 1303 690 1358 merito
741 1304 1106 1374 praepositOS,
1158 1305 1479 1374 praesertim
1530 1305 1578 1358 si
1626 1302 1830 1358 bonnm

151 1379 228 1432 eis
266 1378 511 1449 Iuppiter
548 1378 923 1431 testimonium
962 1379 1334 1432 commodarit.

299 1453 364 1505 In
409 1452 689 1506 undecimo
737 1453 856 1505 loco
904 1453 971 1505 ab
1017 1452 1320 1522 horoscopo
1359 1453 1659 1506 Mercurius
1707 1473 1830 1507 cum
1849 1455 1915 1507 11

152 1525 275 1580 Sole
321 1526 594 1596 partiliter
639 1526 968 1580 constitutus
1013 1526 1072 1578 in
1117 1544 1373 1596 processu
1419 1528 1614 1580 aetatis
1662 1527 1829 1581 felici-

148 1600 278 1653 tatis
320 1605 612 1670 augmenta
649 1601 956 1653 decernunt.

78 1694 124 1726 20
294 1672 357 1726 In
395 1675 709 1727 duodecimo
748 1674 868 1727 loco
909 1675 976 1727 ab
1024 1674 1327 1744 horoscopo
1367 1674 1665 1728 Mercurius
1706 1695 1828 1729 cum
1850 1676 1916 1729 12

150 1746 276 1801 Sole
325 1749 600 1818 partiliter
654 1748 988 1801 constitutus
1038 1767 1302 1817 pauperes
1353 1748 1596 1803 infelices
1645 1767 1827 1803 servos

146 1821 326 1892 faciet,
366 1821 459 1892 qui
498 1841 710 1892 semper
749 1822 878 1891 <in>
915 1822 1305 1893 peregrinitate
1346 1823 1649 1892 depereant.

412 1998 503 2052 IX.
552 1997 940 2052 SATURNUS
981 1999 1075 2052 ET
1114 1998 1561 2053 MERCURIUS.

298 2100 595 2155 Mercurius
643 2106 698 2155 et
739 2100 1004 2155 Saturnus
1042 2103 1100 2155 in
1144 2106 1299 2170 parte
1337 2102 1627 2171 horoscopi
1664 2103 1827 2172 parti-
1887 2106 1913 2157 1

84 2196 127 2229 25
151 2175 277 2228 liter
316 2176 602 2228 constituti
638 2175 697 2228 in
735 2177 926 2228 diurna
972 2175 1223 2246 genitura
1272 2176 1622 2230 absconsores
1668 2196 1827 2247 pecu-

151 2250 364 2303 niarum
402 2249 621 2317 faciunt,
661 2250 950 2302 advocatos
990 2252 1084 2302 aut
1120 2249 1442 2319 iureperitos
1483 2254 1576 2303 aut
1608 2252 1825 2319 scribaS,

149 2324 242 2376 sed
281 2322 566 2393 languidos
607 2326 662 2375 et
702 2323 795 2391 qui
834 2323 943 2376 cito
984 2324 1246 2376 deficiant.
1312 2322 1371 2377 Si
1409 2342 1534 2378 vero
1574 2343 1671 2394 per
1703 2344 1826 2379 noc·

83 2430 90 2445 ,
147 2400 260 2450 tem
299 2397 355 2449 in
394 2398 497 2450 hoc
535 2397 654 2450 loco
693 2396 898 2449 fuerint
944 2397 1250 2466 constituti,
1298 2415 1481 2451 servos
1527 2403 1622 2451 aut
1660 2399 1826 2467 capti-

147 2489 243 2524 vos
284 2489 348 2523 ex
385 2471 573 2523 liberis
612 2470 815 2523 facient
854 2474 909 2522 et
948 2471 1172 2523 tradunt
1209 2490 1301 2524 eos
1339 2473 1654 2541 potentibus
1694 2473 1824 2525 viris

296 2649 322 2687 3
355 2646 533 2702 aliquid
563 2646 779 2690 excidisse
810 2645 926 2689 vidit
956 2645 1064 2690 Sittl
1092 2647 1229 2702 (velut
1258 2659 1340 2703 per
1369 2648 1570 2703 noctem)
1609 2646 1615 2704 Ι
1655 2645 1825 2689 consti-

148 2704 298 2759 tutus,
346 2718 458 2748 corr.
491 2703 540 2747 A'
722 2709 749 2747 8
782 2704 1058 2747 doemonum
1092 2709 1138 2748 H
1317 2710 1343 2748 9
1382 2705 1580 2760 feratur,
1619 2718 1730 2749 corr.
1772 2703 1821 2748 A'

150 2766 204 2804 12
236 2762 287 2805 in
316 2762 485 2819 quibus
517 2768 555 2806 A
691 2768 746 2806 14
777 2764 843 2821 et]
876 2775 931 2806 ex
961 2767 1052 2806 HV
1186 2769 1240 2807 22
1274 2767 1322 2808 et
1360 2763 1440 2820 qui
1470 2769 1503 2806 P
1532 2765 1636 2818 fort.
1669 2769 1782 2808 recte
1812 2764 1823 2830 l

148 2819 198 2862 in
229 2822 334 2865 add.
359 2821 408 2864 A'
438 2823 444 2880 Ι
472 2822 765 2877 decerneant‚
797 2836 910 2866 corr.
937 2821 985 2864 A'
1110 2828 1165 2866 23
1198 2823 1254 2867 de
1286 2821 1613 2866 coniunctione
1645 2825 1826 2866 saturni

149 2880 197 2922 et
225 2880 439 2923 mercurii
469 2885 507 2923 V
548 2886 555 2936 Ι
598 2884 702 2924 satu
739 2895 825 2924 nus
857 2885 894 2922 R
1037 2886 1092 2924 24
1122 2882 1376 2938 horoscopo
1407 2886 1485 2923 PR
1627 2886 1684 2925 25
1716 2895 1824 2926 con-

149 2936 338 2981 stitutus
368 2943 438 2981 11⁸⁵
463 2942 470 2992 Ι
503 2939 831 2996 peccuniamm
862 2943 940 2982 Pv
1059 2946 1115 2985 26
1147 2940 1260 2984 iuris
1292 2940 1465 2997 peritos
1494 2945 1532 2982 V
