2014 3202
193 123 303 177 264
919 123 1147 167 Ffflmoi

195 244 382 296 stellae
431 244 782 296 deiectionem
828 243 1164 297 humilitates
1220 244 1464 298 miserias
1510 244 1865 316 infamiasque
1908 280 1911 284 ,

193 318 507 386 decernunt3
554 318 647 370 sed
691 317 750 369 in
794 317 927 386 ipsis
975 318 1203 371 decretis
1251 336 1315 371 ex
1352 322 1549 371 natura
1587 318 1864 373 stellarum

104 397 301 449 1211011
346 391 556 443 modica
601 389 902 443 differentia
947 395 1043 446 est.
1117 391 1264 445 Mars
1312 392 1454 445 enim
1492 392 1865 446 testimonium
1918 446 1923 453 ,

190 464 480 532 perhibens
519 464 684 517 faciet
716 465 964 518 ductores
996 466 1220 518 audaces
1251 466 1583 535 periculosos
1618 466 1724 519 cito
1757 485 1866 520 mo-

190 537 327 590 biles
368 542 423 590 et
471 538 563 607 qui
614 538 759 591 omni
806 538 1014 591 ratione
1053 538 1311 592 fallantur
1350 543 1404 592 et
1442 540 1535 608 qui
1571 558 1866 610 numquam
1910 561 1931 594 5

195 612 422 664 alicuius
447 611 738 681 potestatis
765 611 1123 682 subiugentur
1145 612 1378 666 licentia.
1443 612 1706 667 Saturnus
1737 632 1863 667 vero

194 689 506 739 mansuetos
562 685 703 738 altos
759 685 953 739 tacitos
1007 685 1328 755 inflatosque
1382 687 1624 756 perficiet
1671 691 1726 740 ct
1772 689 1865 757 qui

194 760 375 812 omnia
423 778 543 812 cum
591 759 1021 812 dissimulatione
1048 800 1233 812 .......
1303 760 1422 813 Hoc
1469 764 1523 814 et
1567 760 1623 813 in
1672 762 1865 814 ceteris

189 833 395 886 duabus
437 832 610 886 stellis
650 833 849 886 intueri
889 833 1127 902 debebis3
1178 851 1312 902 quae
1362 835 1542 887 omnia
1581 853 1702 888 cum
1742 854 1773 887 a
1810 839 1864 887 te

187 906 509 976 <diligent-‚sp
547 906 748 960 fuerint
786 907 997 960 ratione
1045 906 1294 976 collecta,
1341 908 1617 961 verissime
1664 909 1864 962 decreti
1890 931 1933 963 ιο

190 983 366 1033 totam
405 981 610 1049 poteris
651 981 918 1050 explicare
951 981 1313 1034 substantiam
1345 984 1399 1034 et
1431 982 1508 1034 sic
1540 999 1571 1033 a
1602 985 1656 1034 te
1687 1000 1864 1035 mores

187 1054 472 1108 hominum
509 1055 811 1125 figurantur
819 1098 832 1125 ,
879 1054 978 1123 <ut
1016 1055 1109 1124 in>
1148 1055 1365 1108 modum
1404 1055 1646 1124 picturae
1687 1055 1866 1108 omnia

189 1146 253 1181 ex
300 1129 573 1198 responsis
621 1129 729 1182 tuis
779 1147 1063 1198 corporum
1115 1128 1432 1182 liniamenta
1479 1133 1765 1182 cernantur
1811 1133 1866 1182 et

186 1202 363 1255 latens
404 1221 615 1256 morum
653 1203 959 1255 inveniatur
999 1202 1235 1256 effectus,

259 1364 435 1418 XXII.
490 1364 589 1417 DE
630 1363 1100 1419 VAOANTIBUS
1141 1364 1347 1418 LOCIS
1386 1364 1480 1418 ET
1517 1363 1792 1418 PLENIS.
1889 1387 1931 1420 15

136 1472 166 1524 1
332 1467 684 1537 Explicaturo
746 1467 880 1521 mihi
947 1487 1088 1522 nunc
1158 1468 1430 1521 doctrinae
1499 1468 1658 1521 istius
1710 1486 1864 1522 vene-

187 1542 356 1594 randa
396 1544 615 1611 secreta,
655 1560 790 1610 quae
830 1542 996 1595 divini
1035 1546 1287 1595 veteres
1329 1561 1450 1595 cum
1490 1542 1723 1595 maxima
1761 1546 1862 1595 tre-

184 1614 460 1684 pidatione
509 1615 759 1667 dixerunt
798 1619 852 1667 et
893 1633 1027 1684 quae
1074 1616 1319 1668 involuta
1365 1615 1714 1668 obscuritatis
1755 1635 1861 1669 am-

185 1688 417 1758 bagibus
486 1688 819 1758 reliquerunt
882 1690 949 1741 ob
1018 1688 1151 1758 hoc,
1218 1706 1285 1740 ne
1346 1689 1622 1757 publicata
1683 1689 1863 1742 divina

188 1762 415 1814 scientia
455 1762 522 1814 ad
560 1761 910 1830 profanorum
947 1762 1229 1814 hominum
1261 1762 1513 1814 notitiam
1544 1762 1861 1832 perveniret,
1886 1784 1930 1816 20

185 1836 397 1888 intento
549 1835 728 1888 animo
778 1839 831 1888 et
880 1835 1062 1904 quieto
1115 1853 1213 1888 nec
1260 1835 1381 1887 aliis
1428 1835 1731 1888 rationibus
1780 1854 1863 1889 oc-

188 1913 401 1978 cupam,
432 1913 508 1977 ut,
542 1908 793 1978 quicquid
826 1909 1050 1962 dixerim
1083 1909 1139 1961 in
1169 1909 1272 1962 hoc
1304 1911 1554 1973 tractam,
1586 1907 1860 1962 facillimis

131 1982 490 2038 2rationibus
537 1981 833 2035 intimetur.
920 1981 1143 2052 Singula
1201 1982 1356 2052 signa
1410 1982 1466 2034 in
1521 1982 1663 2035 libro
1709 1983 1862 2036 insti-
1928 2045 1930 2048 y

184 2056 411 2109 tutionis
459 2060 642 2109 ternos
689 2056 886 2108 habere
934 2056 1161 2110 decanos
1208 2055 1460 2125 diximus3
1508 2059 1635 2108 sunt
1682 2059 1862 2109 autem

183 2130 370 2184 decani
409 2130 515 2198 ipsi
554 2130 739 2199 magni
776 2130 1012 2183 numinis
1052 2148 1112 2183 ac
1151 2130 1437 2198 potestatis
1486 2133 1540 2182 et
1577 2148 1673 2198 per
1711 2130 1858 2199 ipsos
1884 2152 1926 2186 2⁵

185 2204 367 2256 omnia
389 2221 648 2272 prospera
674 2207 728 2256 et
754 2204 934 2257 omnia
957 2203 1253 2256 infortunia
1278 2204 1648 2256 decernuntur.
1691 2202 1779 2257 Sic
1804 2207 1858 2256 et

313 2383 341 2421 4
359 2378 571 2422 ductores
582 2379 638 2422 N
634 2379 819 2436 e'methy]
833 2380 1043 2422 auctores
1098 2383 1124 2421 6
1142 2377 1427 2434 subiugetur‚
1438 2391 1588 2422 corr.v
1642 2382 1698 2421 10
1715 2379 1819 2422 add.
1830 2395 1858 2421 κ

187 2442 239 2480 11
272 2451 465 2492 morum,
496 2450 608 2481 corr.
633 2452 663 2479 v
694 2439 749 2491 cf.
778 2442 819 2493 6,
843 2448 865 2478 3
1000 2442 1053 2479 12
1085 2437 1344 2494 figurantur
1374 2438 1422 2495 v]
1463 2436 1613 2494 figura
1643 2443 1684 2481 et
1714 2438 1794 2482 lac.
1828 2440 1858 2479 4

185 2497 267 2540 litt.
293 2500 337 2538 Μ
367 2496 570 2553 figurant
594 2500 671 2538 PB
699 2497 705 2551 1
732 2498 786 2539 ut
817 2496 876 2538 ad
907 2496 1054 2552 suppl.
1079 2511 1108 2538 v
1132 2502 1180 2540 at
1203 2497 1258 2550 cf.
1293 2497 1366 2539 VI
1382 2497 1416 2550 f.
1442 2496 1700 2539 LXXVII
1722 2496 1801 2539 col.
1825 2498 1858 2539 2

185 2556 294 2598 med.
328 2555 431 2598 VII
453 2555 486 2609 f.
514 2554 740 2598 XCVIII
765 2556 843 2598 col.
878 2561 907 2599 2
949 2555 1058 2598 med.
1092 2555 1145 2598 de
1177 2569 1259 2599 err.
1287 2559 1362 2610 83,
1389 2567 1407 2595 1
1558 2559 1611 2597 13
1649 2553 1855 2610 reponsis

184 2613 255 2657 tui
277 2618 322 2656 n
415 2618 468 2657 14
501 2613 802 2656 inueniantur
832 2615 942 2668 (—tus
966 2616 1029 2670 P),
1062 2627 1174 2658 corr.
1199 2613 1248 2656 A'
1344 2618 1397 2658 15
1430 2614 1485 2668 cf.
1513 2613 1704 2657 Salmas.
1729 2613 1853 2656 Plin.

186 2687 323 2718 exerc.
357 2676 449 2717 460
555 2677 608 2715 16
641 2672 902 2715 veneranda
925 2671 996 2729 A']
1027 2673 1278 2716 reseranda
1398 2677 1450 2715 17
1485 2670 1656 2714 diuinis
1688 2671 1857 2714 ueteri-

184 2731 292 2787 bus
325 2745 436 2775 corr.
462 2730 510 2773 A‘
635 2736 689 2775 18
719 2730 964 2786 inuolupta
987 2735 1031 2772 M
1153 2736 1206 2774 19
1237 2731 1427 2788 publica
1450 2734 1493 2772 H
1613 2733 1666 2772 21
1699 2731 1857 2785 supple

185 2804 311 2846 vaca,
346 2790 455 2833 ades
485 2791 599 2844 sim„
630 2791 682 2833 in
703 2793 793 2832 ΜΒ.
818 2794 921 2844 post
953 2789 1106 2832 animo
1137 2804 1226 2834 ras.
1253 2794 1281 2834 3
1306 2791 1387 2834 litt
1481 2792 1535 2831 22
1568 2789 1621 2831 ut
1647 2787 1719 2846 A']
1746 2791 1827 2831 aut
1842 2789 1851 2854 J

187 2847 367 2903 dixerit,
400 2861 510 2893 corr.
537 2824 643 2893 Si'ttz
675 2847 830 2891 dixero
855 2847 904 2889 A'
939 2847 1139 2891 dixerint
1162 2864 1190 2890 a.
1280 2853 1335 2891 23
1367 2848 1423 2902 cf.
1449 2850 1521 2900 44,
1544 2857 1587 2887 24
1648 2852 1733 2890 25
1765 2846 1853 2903 ipsi

185 2920 267 2949 om
293 2911 337 2948 M
428 2911 482 2950 26
516 2909 563 2950 et
586 2907 810 2963 posterius
841 2919 922 2949 om
947 2910 991 2947 M
