2014 3202
808 119 830 162 Ι
856 124 893 175 7,
919 132 1077 164 28—34.
1718 120 1787 172 27

112 241 299 311 lingua
329 258 515 293 vocem
547 239 767 309 reliquit
798 240 854 292 in
883 240 1154 307 faucibus3
1187 240 1252 292 ad
1276 243 1612 309 postremum
1642 241 1788 293 omni

114 314 355 383 corporis
395 317 546 382 parte
587 314 841 366 mutilata
881 313 1039 381 oculi,
1079 313 1171 382 qui
1202 314 1418 366 fuerant
1457 317 1788 382 spectatores

113 391 169 440 et
208 388 544 456 superstiteS‚
585 390 897 456 egeruntur3
946 390 1000 439 et
1045 387 1102 439 in
1139 391 1254 440 tam
1293 391 1525 458 angusto
1566 406 1789 456 corpore

115 479 148 513 a
183 461 391 514 nefario
428 461 637 530 patriae
678 461 926 514 carnifice
966 463 1051 513 tot
1102 465 1227 513 sunt
1265 461 1485 514 inventa
1525 462 1790 530 supplicia

64 558 87 590 5
113 538 168 588 et
205 535 294 587 vix
333 535 510 587 anima
548 534 717 587 tantis
750 534 1062 587 vulneribus
1102 539 1327 604 erogata
1366 538 1464 604 est,
1504 554 1626 588 cum
1663 535 1789 588 hinc

110 609 234 661 inde
274 609 480 660 damnis
520 609 813 661 fluentibus
846 608 1159 661 minutatim
1200 609 1422 678 spiritus
1463 611 1786 679 carperetur.

113 681 219 734 Sed
256 682 486 734 forsitan
526 683 667 735 circa
706 683 851 735 solos
891 683 1035 735 viros
1077 681 1201 734 talis
1243 686 1326 735 est
1373 683 1607 735 feritatis
1648 686 1788 736 atro—

111 757 274 809 citate
336 756 653 826 grassatus?
744 756 885 809 Ecce
947 756 1005 808 in
1064 757 1522 825 proscriptionum
1584 757 1787 809 tabulis

111 830 277 882 etiam
317 829 602 882 mulierum
633 848 695 883 ac
727 834 1099 882 matronarum
1136 831 1358 883 nomina
1390 830 1692 900 adscripsit,
1727 834 1789 883 ut

0 951 8 960 .
43 927 87 958 10
110 922 207 972 per
246 921 402 956 omne
440 903 736 956 humanum
777 921 946 974 genus
987 908 1265 956 cruentam
1304 905 1472 973 gladii
1516 907 1789 957 exerceret

108 981 451 1046 potestatem.
529 976 655 1030 Non
700 978 864 1030 habet
911 979 1130 1030 modum
1183 977 1322 1046 [nec]
1379 982 1599 1030 cruenta
1646 977 1788 1047 cupi-

109 1052 250 1104 ditas
295 1070 394 1104 nec
440 1051 654 1103 infinita
709 1052 907 1104 civium
955 1055 1136 1122 strage
1188 1052 1435 1105 satiatur.
1510 1051 1787 1104 Romanus

109 1125 201 1178 ille
247 1125 477 1194 populus
526 1126 768 1178 subactis
818 1124 1067 1178 omnibus
1115 1126 1395 1195 gentibuS‚
1434 1128 1788 1194 posteaquam

111 1202 400 1268 peragrato
435 1199 564 1251 orbe
597 1203 759 1267 atque
783 1216 1035 1267 possesso
1066 1202 1365 1251 extremum
1397 1200 1562 1252 etiam
1588 1199 1788 1252 Oceani

42 1294 87 1327 15
112 1274 244 1325 litus
277 1273 569 1339 inventum,
606 1273 806 1325 servire
840 1273 1150 1341 compulsus
1183 1277 1266 1325 est
1297 1272 1503 1325 nefario
1540 1272 1787 1342 Syllanae

108 1347 399 1415 potestatis
439 1346 666 1414 imperio
699 1345 996 1398 debilitatis
1037 1346 1279 1398 omnium
1310 1346 1504 1398 animis
1545 1350 1695 1398 metu
1734 1350 1788 1399 et

110 1420 295 1473 miseri
326 1419 537 1472 timoris
570 1420 930 1488 trepidatione
959 1420 1242 1488 possessis,
1297 1419 1448 1472 Inter
1479 1421 1626 1489 leges
1656 1419 1788 1472 Por-

111 1494 220 1546 cias
251 1493 505 1562 legesque
541 1491 886 1562 Sempronias
920 1512 1042 1546 cum
1075 1494 1317 1545 omnium
1349 1494 1547 1547 civium
1578 1494 1785 1563 gemitu

110 1567 273 1619 etiam
318 1567 539 1619 tertiam
587 1567 998 1636 proscriptionis
1047 1567 1291 1620 tabulam
1328 1567 1511 1636 posuit
1547 1586 1646 1620 nec
1684 1567 1787 1620 hoc

38 1665 86 1696 20
111 1643 396 1694 contentus
436 1641 595 1710 maIO,
633 1659 699 1693 ne
733 1641 875 1709 quod
915 1641 1111 1694 aetatis
1145 1660 1271 1694 suae
1306 1644 1518 1710 tempus
1558 1659 1786 1694 vacuum

109 1734 140 1767 a
173 1715 465 1767 sceleribus
498 1718 814 1782 reservaret,
835 1714 1149 1768 Lucretium
1180 1716 1290 1767 iam
1320 1715 1565 1783 privatus
1592 1714 1788 1768 occidit

42 1800 46 1802 “
108 1792 163 1841 et
202 1789 447 1856 deposita
484 1788 636 1858 regia
679 1792 955 1857 potestate
996 1789 1161 1841 animi
1207 1792 1392 1842 tamen
1442 1789 1499 1841 in
1536 1789 1632 1842 illo
1670 1807 1787 1858 per-

1807 685 1875 735 :32

1807 1053 1875 1104 33

106 1862 314 1915 niciosa
354 1862 643 1915 crudelitas
675 1866 999 1931 perseverat.
1062 1862 1230 1915 Visne
1264 1861 1469 1931 aliquid
1506 1863 1625 1932 tibi,
1659 1863 1785 1931 quia
1803 1863 1875 1915 34

107 1937 166 1988 in
205 1933 490 2005 Syllanicis
524 1937 858 2005 temporibus
891 1936 1260 2006 immoramur,
1298 1937 1361 1988 de
1402 1937 1523 1989 lacu
1555 1935 1785 1990 Servilio

38 2032 86 2065 25
109 2010 353 2078 referam,
391 2010 449 2062 in
480 2028 585 2078 quo
626 2011 922 2062 multorum
954 2013 1265 2063 senatorum
1296 2009 1476 2078 capita
1507 2011 1574 2062 ad
1606 2013 1785 2062 osten·

110 2084 373 2136 tationem
395 2083 753 2136 inmanissimi
787 2083 1042 2136 facinoris
1074 2083 1235 2136 sectis
1265 2083 1561 2136 cervicibus
1593 2102 1786 2152 pepen-

110 2157 338 2210 derunt?
406 2156 755 2226 Reipublicae
788 2158 1009 2209 vulnera
1040 2157 1183 2209 inter
1213 2156 1333 2225 ipsa
1364 2157 1586 2210 deorum
1615 2157 1786 2226 pulvi-

108 2231 264 2284 naria
324 2231 652 2284 constitutus
695 2232 857 2284 inter
918 2249 1097 2284 sacras
1160 2230 1511 2284 caerimonias
1572 2231 1784 2300 positus

257 2381 280 2419 1
312 2374 514 2432 reliquid
535 2380 569 2418 P
661 2381 686 2419 2
710 2375 900 2419 fuerunt
922 2389 1033 2419 corr.
1058 2390 1089 2417 v
1177 2380 1206 2418 4
1238 2389 1267 2418 a
1292 2376 1341 2434 v]
1375 2389 1428 2419 ac
1519 2380 1544 2419 6
1571 2374 1785 2432 dampnis

106 2438 179 2483 PQ
201 2435 460 2479 obscwriora
482 2435 589 2480 haec
672 2440 696 2478 7
729 2434 817 2479 tali
838 2435 1004 2479 Usener
1086 2438 1112 2477 8
1137 2436 1370 2478 crassatus
1393 2439 1465 2483 PQ
1547 2439 1572 2478 9
1596 2434 1786 2478 nomina

116 2494 301 2552 Usener]
332 2506 500 2537 nomen
543 2495 549 2551 Ι
592 2493 832 2551 asscripsit
853 2497 898 2535 Μ
930 2491 1146 2549 ascripsit
1169 2497 1205 2542 Q
1325 2498 1380 2537 10
1405 2506 1586 2537 omnem
1616 2498 1650 2536 P
1675 2495 1682 2550 Ι
1710 2507 1785 2536 ex-

107 2552 291 2596 hereret
327 2557 361 2595 P
404 2553 508 2607 for&
547 2558 660 2598 recte
811 2557 862 2595 11
904 2565 990 2595 nec
1034 2553 1276 2597 delevimus
1320 2554 1423 2608 (nec
1465 2553 1655 2597 alterum
1699 2553 1782 2597 del.

110 2611 506 2668 Mawrenbrecher)
592 2616 646 2655 12
679 2613 873 2668 strage8‚
898 2625 1010 2655 corr.
1028 2610 1077 2654 A‘
1165 2616 1220 2655 14
1244 2611 1434 2655 occeani
1455 2616 1500 2654 H
1585 2615 1639 2654 15
1664 2625 1785 2655 com-

106 2669 294 2726 pulsum
309 2674 380 2718 PQ
460 2675 514 2714 16
539 2670 814 2714 debibitatis
838 2674 896 2711 pa
922 2670 928 2726 Ι
956 2669 1169 2714 omnibus
1201 2670 1408 2714 omnium
1432 2675 1468 2718 Q
1550 2674 1604 2713 17
1628 2668 1786 2713 miseri

110 2729 220 2794 (sive
241 2728 428 2795 misera)
453 2728 632 2773 timoris
665 2744 691 2772 σ
720 2730 772 2773 cl.
799 2733 872 2782 19,
891 2738 943 2771 ιο
981 2728 1055 2772 VI
1069 2730 1148 2784 fol.
1170 2730 1353 2773 LXXI
1355 2730 1488 2773 Veol
1515 2733 1543 2772 3
1567 2730 1677 2773 med.
1704 2730 1784 2787 al.]

108 2786 307 2830 miseriis
345 2786 513 2832 minori
552 2787 726 2844 (miseri
755 2786 945 2831 minoris
975 2789 1030 2844 A)
1078 2790 1085 2844 Ι
1134 2788 1356 2844 possessis
1397 2788 1455 2831 ab
1489 2790 1675 2832 auctore
1707 2793 1742 2837 Q
1775 2791 1780 2833 Ι

109 2844 237 2903 leges
262 2846 321 2890 ab
346 2849 534 2891 auctore
550 2851 584 2889 P
661 2852 714 2890 19
738 2845 928 2890 tertiam
951 2861 1033 2891 om.
1052 2851 1087 2895 Q
1162 2852 1217 2890 20
1249 2848 1539 2903 contemptus
1557 2851 1591 2895 Q
1617 2848 1623 2904 Ι
1650 2861 1735 2891 nec
1751 2836 1786 2890 P

113 2907 166 2947 21
200 2905 260 2948 ab
290 2909 334 2947 n
376 2906 382 2960 Ι
424 2905 676 2949 sceleribus
707 2910 741 2947 P
780 2907 788 2961 Ι
829 2904 1078 2949 lucreciam
1107 2910 1165 2948 ΡΒ
1284 2910 1340 2948 24
1371 2905 1653 2949 inmoramur
1684 2911 1718 2955 Q
