2014 3202
848 118 914 163 IV
939 123 1007 176 15,
1031 132 1147 164 3—9.
1714 117 1822 170 233

152 242 410 295 miserum
448 244 691 295 mutatur
729 239 973 306 exitium3
1013 239 1258 309 deposito
1296 240 1631 308 paupertatis
1665 258 1823 293 onere

150 334 378 386 parvum
421 315 532 368 illis
577 315 720 367 vitae
768 313 1066 367 subsidium
1121 316 1465 382 comparatur
1512 317 1566 398 et
1613 314 1680 366 ad
1727 314 1825 366 ali-

154 407 288 459 quos
329 392 478 442 actus
519 389 766 442 affectare
805 387 1217 456 compelluntur.

300 462 350 516 A
372 462 609 516 Venere
645 460 936 514 defluens
962 459 1150 513 Luna.
1214 459 1271 514 Si
1297 479 1328 513 a
1351 459 1562 513 Venere
1587 461 1822 514 defluens
1843 461 1872 513 7

113 559 133 591 5
157 536 310 590 Luna
348 554 589 590 crescens
627 535 828 588 lumine
869 535 935 587 ad
972 535 1179 587 nullum
1220 534 1440 604 feratur,
1479 535 1572 587 sed
1608 553 1705 604 per
1738 553 1825 588 va-

158 630 317 665 cuum
358 628 543 664 cursus
584 627 709 662 suos
750 608 971 678 dirigat,
1010 608 1170 661 faciet
1207 607 1450 678 passivos
1489 609 1547 661 in
1586 609 1733 662 coitu
1771 613 1827 662 et

157 685 249 754 qui
278 701 574 752 numquam
605 682 663 735 in
694 701 924 735 uxorum
955 682 1229 735 amoribus
1251 685 1608 752 perseverent,
1646 686 1702 735 et
1734 683 1827 751 qui

153 757 375 811 incestis
414 757 749 810 delectentur
787 756 1135 825 amplexibuS,
1175 757 1266 809 sed
1303 755 1404 808 hos
1443 756 1659 809 eosdem
1695 755 1829 810 facit

153 831 327 884 nudos
365 848 627 901 pauperes
675 833 730 882 et
769 830 861 898 qui
905 830 1157 882 humeros
1206 848 1331 883 suos
1369 830 1647 883 laboribus
1688 831 1829 883 subi-

12 928 23 935 ·
88 927 132 960 10
156 904 354 958 cientes
406 904 705 958 cotidianae
761 907 1021 972 quaerant
1066 904 1210 956 vitae
1258 904 1510 957 subsidia.
1596 903 1654 957 Si
1699 922 1826 957 vero

156 977 229 1031 sit
268 979 478 1031 minuta
515 977 827 1045 luminibus,
864 977 1092 1030 vitiosos
1131 980 1317 1047 turpes
1355 996 1617 1046 pauperes
1654 981 1710 1031 et
1741 977 1828 1030 ad-

153 1051 307 1105 siduo
338 1052 472 1105 facit
504 1050 846 1104 miseriarum
877 1068 1035 1103 onere
1074 1054 1460 1121 praegravatos
1493 1055 1587 1104 aut
1618 1051 1825 1105 artibus

154 1124 233 1195 [et
271 1126 505 1192 actibus]
549 1124 853 1178 inhonestis
894 1123 1130 1194 applicat
1169 1142 1380 1193 semper
1418 1129 1474 1177 et
1511 1125 1737 1178 miseriS.

299 1198 349 1252 A
386 1198 707 1252 Mercurio
755 1197 1050 1251 defluens
1097 1197 1289 1251 Luna.
1376 1196 1435 1251 Si
1481 1217 1513 1251 a
1558 1198 1876 1255 Mercuri08

87 1294 129 1328 15
154 1273 389 1326 defluens
443 1272 597 1325 Luna
650 1273 717 1325 ad
766 1272 975 1324 nullum
1028 1271 1258 1341 feratur,
1311 1272 1405 1324 sed
1456 1291 1553 1342 per
1597 1291 1828 1326 vacuum

154 1365 340 1400 cursus
397 1365 523 1399 suos
578 1346 778 1416 dirigat
830 1349 886 1398 et
940 1345 1012 1398 sit
1072 1346 1232 1414 plena
1283 1345 1606 1415 luminibuS,
1666 1346 1828 1400 faciet

153 1421 537 1491 grammaticos
586 1422 825 1472 oratores
872 1419 1108 1473 medicos
1163 1420 1398 1473 musicos
1446 1423 1500 1472 et
1547 1420 1639 1490 qui
1686 1439 1827 1473 com-

151 1494 449 1564 putationis
490 1493 730 1547 sollertia
770 1492 1083 1546 caelestium
1131 1493 1305 1546 sciant
1352 1493 1586 1546 siderum
1625 1512 1828 1564 cursuS,

153 1573 247 1621 aut
286 1567 486 1620 fenoris
527 1571 582 1619 et
618 1566 1008 1637 negotiationis
1049 1566 1228 1620 officia
1259 1570 1571 1636 tractanteS,
1610 1586 1675 1620 ex
1714 1569 1828 1637 qui-

86 1664 129 1696 20
152 1642 255 1695 bus
288 1640 660 1695 occasionibus
693 1641 925 1711 gloriam
957 1643 1012 1693 et
1045 1640 1423 1709 substantiam,
1455 1642 1548 1694 sed
1571 1660 1828 1710 processu

150 1715 414 1784 temporis
454 1718 823 1768 consecuntur.
902 1711 959 1767 Si
997 1732 1124 1767 vero
1163 1714 1327 1768 fuerit
1366 1715 1576 1767 minuta
1612 1715 1823 1768 lumini·
1843 1718 1876 1771 9

148 1789 268 1859 buS,
307 1790 374 1842 ab
413 1788 733 1842 humoribus
771 1788 908 1841 vitia
946 1788 1184 1841 decernit
1232 1792 1326 1840 aut
1366 1807 1430 1841 ex
1469 1788 1622 1857 aquis
1662 1806 1826 1859 grave

149 1863 512 1931 periculorum
537 1862 826 1915 discrimen
849 1862 1062 1931 indicit3
1101 1862 1330 1914 aliorum
1356 1863 1627 1915 mentibus
1651 1866 1827 1931 nocet,

152 1936 383 1997 aliorum
430 1936 640 2006 obligat
686 1935 901 2005 linguas
910 1977 925 2004 ,
972 1935 1202 1988 aliorum
1254 1936 1475 1988 auribus
1513 1939 1695 2003 nocet,
1734 1937 1827 1989 sed

15 2060 20 2066 .
85 2031 127 2064 25
151 2009 253 2062 hos
293 2028 477 2063 omnes
523 2008 687 2062 faciet
732 2010 935 2062 alienos
976 2027 1007 2061 a
1044 2009 1262 2078 litteris;
1311 2008 1474 2061 faciet
1514 2009 1649 2062 alios
1688 2010 1827 2062 vati-

153 2082 336 2151 cinari,
376 2083 467 2136 sed
505 2082 562 2135 in
599 2082 818 2151 templis
828 2125 843 2151 ,
891 2081 1025 2135 alios
1074 2082 1139 2134 ad
1186 2082 1512 2150 templorum
1557 2083 1826 2136 custodias

154 2157 508 2226 sempiternas
559 2155 780 2224 addicit,
831 2155 965 2208 alios
1024 2155 1303 2208 ministros
1357 2156 1490 2208 facit
1540 2174 1827 2226 servosque

153 2231 495 2299 templorum.

303 2438 324 2475 1
361 2430 593 2485 etixitium
623 2436 668 2474 1
695 2433 700 2488 Ι
727 2430 967 2488 pauptatis
998 2436 1043 2474 Π
1133 2437 1158 2475 2
1190 2446 1367 2490 parum,
1400 2447 1511 2478 corr.
1545 2432 1594 2476 A'
1689 2439 1712 2476 7
1747 2433 1828 2488 qui

151 2505 408 2547 numquam
438 2489 509 2549 A']
549 2489 798 2545 quicquam
832 2491 838 2548 Ι
874 2493 922 2534 et
953 2490 1034 2547 qui
1062 2491 1111 2550 κ]
1150 2494 1198 2535 et
1227 2491 1478 2548 quicquam
1606 2496 1660 2534 10
1692 2491 1826 2535 cotti-

154 2550 322 2594 dianae
340 2555 385 2592 1
514 2554 568 2592 13
592 2550 675 2593 del.
694 2566 721 2593 κ
744 2563 874 2605 saepe
896 2551 1052 2594 variae
1076 2551 1280 2596 lectiones
1303 2553 1589 2607 inrepserunt
1610 2551 1666 2604 cf.
1686 2554 1760 2605 96,
1770 2560 1824 2594 17.

151 2613 257 2664 214,
274 2620 327 2653 15
361 2612 545 2664 235,17
578 2611 684 2662 242,
708 2619 751 2649 23
781 2609 838 2652 al.
978 2613 1032 2652 14
1065 2608 1113 2652 Si
1143 2623 1266 2653 merc
1289 2614 1333 2652 u
1492 2614 1545 2652 15
1579 2609 1680 2667 sed]
1713 2611 1827 2652 etl

155 2672 208 2711 17
248 2667 447 2711 musicos
493 2666 697 2710 medicos
728 2671 772 2709 Π
822 2667 828 2723 Ι
877 2667 1260 2712 commutationes
1301 2668 1528 2734 sollertie,
1574 2681 1686 2712 corr.
1720 2667 1827 2712 Sitti

147 2732 391 2782 praeeunte
421 2726 648 2770 Dresselio
800 2730 852 2768 18
885 2725 1156 2771 caelestium
1185 2727 1256 2786 A‘]
1288 2726 1479 2771 testium
1637 2731 1688 2769 21
1722 2739 1827 2782 pro·

155 2788 383 2842 secuntur,
414 2799 525 2830 corr.
557 2799 586 2828 v
