2014 3202
839 146 883 190 11
905 150 976 202 29,
1000 149 1175 201 17-30,
1199 158 1233 190 s.
1805 144 1876 197 85

202 273 547 339 consecutus,
586 253 884 337 numquam
922 284 1044 319 eum
1082 269 1408 319 tractantem
1444 265 1560 318 fata
1596 264 1879 318 hominum

204 345 542 398 coniecturae
579 341 727 395 fallit
764 340 1015 394 intentio,

203 520 371 575 XXX.
424 487 688 583 QUALIS
736 517 914 571 VITA
967 515 1062 570 ΕΤ
1121 515 1368 580 QUALE
1423 515 1881 570 INSTITUTUM

495 606 677 661 ESSE
717 606 964 660 DEBET
1003 604 1584 660 MATHEMATICIS.

159 734 179 766 5
348 710 507 764 Nunc
556 714 641 779 tu,
689 711 1013 779 quicumque
1065 709 1166 762 hos
1212 710 1383 762 libros
1428 710 1608 779 legere
1654 709 1931 778 conariS‚l

206 804 329 840 cum
383 803 596 838 omnem
641 784 942 838 divinitatis
998 783 1281 837 scientiam
1336 784 1605 852 acceperis
1659 787 1715 836 et
1761 802 1884 836 cum

204 863 430 913 naturae
470 859 639 912 sacris
676 859 921 911 imbutus
969 861 1131 926 atque
1178 858 1424 910 initiatus
1469 858 1667 910 sacrati
1705 857 1883 927 operis

208 933 545 1003 disciplinam
574 976 586 985 .
612 975 623 986 .
647 975 661 984 .
690 933 754 986 ad
795 931 1087 1003 imaginem
1133 935 1188 984 te
1234 931 1536 984 divinitatis
1584 930 1885 984 similitudi-

207 1026 437 1076 nemque
497 1007 697 1074 forma‚
758 1011 822 1059 ut
875 1008 949 1059 sis
1012 1023 1224 1074 semper
1279 1006 1567 1074 praeconio
1621 1004 1885 1058 bonitatis

144 1103 188 1134 ιο
210 1086 448 1134 ornatus,
525 1080 755 1150 Oportet
793 1080 935 1133 enim
976 1098 1121 1147 eum,
1168 1079 1262 1148 qui
1301 1079 1497 1132 cotidie
1544 1080 1608 1132 de
1651 1079 1753 1132 diis
1799 1079 1885 1132 vel

212 1173 332 1208 cum
380 1154 482 1207 diis
528 1155 794 1223 loquitur,
841 1153 1082 1206 animum
1125 1158 1283 1206 suum
1327 1153 1407 1205 ita
1452 1153 1686 1207 formare
1725 1157 1886 1223 atque

210 1230 501 1297 instruere,
553 1232 616 1281 ut
662 1228 731 1280 ad
774 1226 1138 1280 imitationem
1187 1226 1487 1280 divinitatis
1542 1245 1753 1297 semper
1802 1245 1884 1280 ac-

213 1303 382 1356 cedat.
451 1301 628 1364 Quare
668 1305 724 1354 et
762 1302 904 1355 disce
951 1305 1007 1354 et
1045 1320 1303 1370 exequere
1350 1302 1532 1354 omnia
1571 1304 1939 1357 ornamenta2

211 1377 432 1429 virtutis
489 1381 565 1444 et,
622 1394 740 1430 cum
786 1379 842 1428 te
886 1375 973 1428 his
1020 1374 1363 1446 instruxeriS‚
1419 1378 1537 1427 esto
1583 1375 1759 1428 facilis
1808 1393 1889 1428 ac-

148 1471 192 1503 15
215 1468 385 1519 cessu,
422 1453 499 1517 ut,
538 1450 586 1503 si
625 1450 719 1519 qui
748 1449 980 1503 voluerit
1019 1448 1223 1518 aliquid
1262 1448 1541 1516 sciscitari,
1580 1450 1647 1501 ad
1676 1453 1731 1501 te
1768 1467 1889 1502 cum

214 1524 366 1577 nullo
404 1527 611 1577 terrore
650 1523 1029 1592 trepidationis
1068 1522 1297 1576 accedat.
1372 1522 1509 1575 Esto
1548 1523 1775 1592 pudicus
1812 1523 1890 1575 in-

215 1601 368 1667 teger
414 1598 650 1664 sobriu8‚
694 1615 862 1666 parvo
908 1597 1077 1660 victu,
1121 1597 1302 1666 parvis
1350 1597 1543 1665 opibus
1590 1600 1890 1666 contentus,

212 1690 280 1724 ne
320 1671 479 1724 istius
519 1672 729 1724 divinae
770 1671 1025 1724 scientiae
1065 1670 1298 1740 gloriam
1337 1671 1595 1741 ignobilis
1633 1671 1890 1739 pecuniae

214 1744 478 1815 cupiditas
517 1745 758 1798 infamet
835 1744 980 1797 Dato
1021 1763 1257 1813 operam,
1294 1747 1356 1797 ut
1386 1745 1639 1798 instituto
1680 1763 1742 1798 ac
1771 1763 1891 1814 pro-

147 1840 191 1872 20
212 1819 394 1888 posito
433 1823 529 1872 tuo
568 1819 834 1872 bonorum
872 1819 1187 1871 institutum
1229 1837 1290 1871 ac
1327 1819 1667 1887 propositum
1706 1818 1890 1872 vincas

217 1894 579 1962 sacerdotum3
629 1894 930 1945 antistitem
970 1892 1112 1945 enim
1154 1891 1296 1945 Solis
1337 1911 1398 1946 ac
1436 1892 1620 1945 Lunae
1661 1897 1742 1945 et
1755 1896 1892 1946 cete-

216 1985 401 2019 rorum
438 1967 683 2035 deorum,
728 1985 825 2035 per
864 1984 998 2035 quos
1036 1970 1250 2019 terrena
1289 1966 1470 2019 omnia
1508 1967 1892 2036 gubernantur,

218 2041 295 2092 sic
327 2045 544 2108 oportet
575 2042 817 2093 animum
848 2058 1006 2093 suum
1041 2058 1252 2108 semper
1282 2039 1566 2108 instruere,
1603 2044 1666 2092 ut
1697 2039 1891 2110 dignus

218 2131 333 2166 esse
372 2113 542 2166 tantis
582 2113 923 2167 caerimoniis
963 2114 1202 2166 omnium
1242 2114 1522 2166 hominum
1561 2114 1890 2167 testimoniis

114 2205 190 2240 ‘25
213 2188 607 2256 comprobetur.
686 2188 856 2240 Dabis
911 2206 1038 2240 sane
1092 2205 1352 2255 responsa
1405 2186 1620 2255 publice
1675 2190 1730 2240 et
1782 2187 1939 2242 hoc-3

211 2261 630 2331 interrogaturis
669 2268 794 2314 ante
833 2260 1153 2330 praedicitO,
1198 2261 1413 2329 (quod)
1453 2261 1633 2314 omnia
1672 2262 1889 2330 quidem

211 2334 337 2402 illis,
376 2335 439 2387 de
472 2335 668 2403 quibus
699 2336 1057 2405 interrogant,
1087 2334 1233 2387 clara
1264 2335 1338 2387 sis
1370 2353 1500 2388 voce
1533 2335 1790 2403 dicturus,
1819 2354 1887 2389 ne

214 2409 341 2477 quid
381 2427 412 2461 a
450 2413 504 2461 te
551 2410 660 2462 tale
699 2409 841 2462 forte
882 2414 1194 2477 quaeratur,
1242 2409 1382 2476 quod
1428 2426 1538 2461 non
1582 2408 1744 2461 liceat
1790 2427 1888 2462 nec

355 2529 377 2567 1
403 2525 764 2568 trantanteml’a
785 2524 1019 2567 tractante
1037 2527 1072 2571 Q
1139 2527 1164 2566 2
1190 2522 1484 2568 conlecturae
1500 2528 1544 2566 Π
1605 2529 1632 2567 3
1653 2523 1885 2579 qualemv

211 2587 240 2625 4
273 2582 414 2626 debet
451 2596 552 2627 esse
589 2588 635 2626 Η
669 2585 676 2639 Ι
714 2583 886 2626 debeat
921 2581 1253 2626 mathematico
1285 2586 1320 2631 Q
1439 2587 1464 2625 5
1506 2582 1768 2639 quicunque
1798 2587 1843 2624 Η
1877 2583 1885 2641 Ι

213 2640 421 2698 dignaris
453 2643 707 2686 Mommsen
826 2646 852 2685 8
885 2642 966 2685 Zac.
999 2642 1158 2685 statuit
1187 2641 1308 2695 Sita,
1338 2641 1557 2685 didiceris
1589 2656 1622 2686 e.
1647 2656 1712 2698 qr.
1738 2642 1884 2697 suppl.

158 2703 162 2706 ’
213 2699 467 2746 anmsen
491 2702 498 2758 Ι
524 2703 572 2744 te
602 2715 686 2745 om.
712 2705 748 2749 Q
853 2704 908 2743 10
939 2714 1044 2743 cum
1073 2703 1135 2742 3³
1161 2701 1167 2757 Ι
1195 2676 1389 2744 cottidie
1419 2705 1457 2743 Β
1560 2705 1611 2743 11
1646 2702 1788 2756 atque
1816 2699 1887 2743 in-

214 2760 388 2803 struere
412 2773 494 2807 om
512 2765 558 2804 Π
644 2765 698 2803 13
724 2771 908 2815 quaere,
925 2772 1036 2802 corr.
1054 2774 1083 2801 a
1103 2759 1108 2817 Ι
1128 2772 1377 2815 exsequere
1393 2764 1482 2802 ΠΒ
1574 2764 1629 2802 14
1645 2758 1718 2801 his
1742 2772 1824 2802 om.
1842 2751 1888 2801 1‘

215 2821 270 2860 15
300 2817 405 2873 quis
435 2823 474 2861 V
564 2823 619 2863 16
650 2818 775 2862 inter
804 2816 997 2873 sobrios,
1029 2831 1141 2862 corr.
1174 2832 1200 2861 σ
1296 2823 1350 2862 18
1383 2816 1643 2862 sententiae
1674 2821 1843 2866 PQBV
1875 2818 1883 2876 1

212 2875 407 2933 nobilis,
444 2891 555 2922 corr.
595 2876 645 2920 A'
768 2881 824 2919 20
862 2875 1023 2920 unicas
1061 2881 1119 2920 P*
1238 2882 1291 2920 21
1341 2878 1415 2935 ac]
1462 2879 1510 2920 et
1544 2891 1628 2932 per
1665 2890 1803 2933 comp.
1843 2881 1888 2919 1

217 2937 272 2976 25
303 2913 438 2979 dabit
465 2940 512 2979 Π
630 2941 686 2981 26
716 2936 865 2992 suppl.
898 2950 927 2977 v
1047 2940 1101 2979 27
1133 2949 1435 2992 responsurus
1468 2938 1515 2979 et
1546 2934 1754 2979 dicturus
1786 2940 1821 2984 Q
