2014 3202
803 129 866 172 IV
889 132 930 185 6,
955 133 1077 185 1—7,
1102 141 1135 172 1.
1305 77 1309 80 ἡ
1685 123 1814 181 ’205

141 249 198 302 in
243 249 570 303 cardinibus.
595 249 874 320 geniturae
923 247 1102 316 posita
1123 261 1127 265 ·
1150 247 1227 301 sic
1276 247 1485 302 feratur
1536 250 1602 302 ad
1647 249 1813 302 Vene-

141 341 269 392 rem,
308 323 454 387 Mars
493 341 618 376 vero
656 322 714 375 in
753 340 945 376 occasu
982 322 1067 375 vel
1105 322 1162 374 in
1194 320 1311 376 MC.
1342 321 1508 374 fuerit
1547 323 1814 393 inventus,

143 398 211 450 ob
250 397 382 450 haec
420 397 673 457 facinora,
714 414 848 465 quae
880 396 1126 464 diximUS,
1166 395 1346 466 gladio
1378 395 1543 449 faciet
1573 397 1814 450 interire.

144 469 202 523 Si
242 489 366 524 vero
405 471 462 523 in
501 470 740 523 mulieris
780 470 1030 540 genitura
1069 470 1145 522 sic
1176 470 1328 522 Luna
1366 469 1573 522 feratur
1613 471 1679 523 ad
1712 470 1867 523 Ve-4

99 570 119 601 5
143 563 344 613 nerem,
392 545 495 597 erit
531 543 711 597 invido
751 543 980 597 stridore
1021 562 1230 612 semper
1268 536 1538 612 inpatiens
1582 548 1636 595 et
1678 562 1814 613 quae

141 619 209 671 ad
246 619 577 687 promiscuas
616 618 866 670 libidines
912 617 1092 686 pravis
1140 617 1532 685 cupiditatibus
1577 617 1816 688 erigatur

140 696 197 744 et
250 710 383 761 quae
438 691 764 745 incestarum
818 694 871 743 et
931 691 1261 744 inlicitarum
1315 690 1627 760 cupidinum
1688 695 1817 744 vota

143 766 410 834 concipiat
460 769 514 819 et
565 764 774 834 inpuris
822 782 1035 833 semper
1087 764 1373 817 libidinum
1424 765 1813 834 cupiditatibus

103 859 105 861 ·
143 843 366 893 aestuet.
442 842 554 892 Aut
594 838 736 892 enim
775 857 896 892 cum
932 838 1195 891 fratribus
1237 841 1331 891 aut
1370 857 1494 891 cum
1531 838 1660 892 filiis
1707 839 1816 892 coit

10 936 17 940 ⁷
75 939 118 970 10
143 916 236 965 aut
275 931 398 966 cum
434 913 561 966 filiis
601 912 831 966 fratrum
878 916 972 965 aut
1009 912 1216 982 patruis
1257 912 1367 965 suis
1412 916 1507 965 aut
1545 912 1816 965 illecebris

136 987 252 1040 suis
301 990 493 1055 captos
541 987 607 1039 ad
645 986 870 1057 genialis
908 986 1161 1039 iniuriam
1200 985 1309 1038 tori
1346 986 1628 1056 privignos
1666 1004 1815 1055 prae-

141 1064 358 1129 postero
409 1061 625 1114 adducit
675 1059 985 1130 cupiditatis
1036 1059 1225 1113 ardore
1281 1063 1375 1112 aut
1433 1060 1636 1112 adfines
1689 1078 1817 1112 suos

144 1134 249 1186 sibi
304 1137 492 1203 stupro
547 1135 792 1203 cognitos
849 1134 1038 1204 iungit.
1131 1133 1285 1186 Alias
1339 1133 1614 1204 viragines
1667 1133 1817 1202 facit,

142 1209 461 1276 praesertim
500 1208 546 1260 si
584 1207 641 1260 in
678 1205 901 1277 tropicis
939 1208 1024 1260 vel
1063 1207 1121 1260 in
1160 1207 1404 1262 erraticis
1445 1208 1692 1277 (signis)
1732 1207 1818 1260 vel

79 1305 120 1337 15
143 1282 201 1334 in
239 1282 539 1350 duplicibus
578 1282 662 1334 vel
700 1282 758 1334 in
804 1281 1106 1350 squamosis
1146 1280 1356 1334 Venere
1396 1282 1706 1335 constituta·
1739 1281 1818 1334 sie

145 1356 211 1408 ad
250 1373 364 1408 eam
405 1355 581 1425 Luna,
627 1356 768 1408 sicut
805 1355 1059 1424 diximus,
1107 1351 1300 1425 pergat
1347 1355 1468 1424 ipsa
1508 1372 1721 1424 quoque
1760 1354 1819 1406 in

146 1429 315 1499 signis
363 1429 628 1482 similibus
676 1429 986 1490 constituta.
1063 1426 1167 1482 Sed
1205 1429 1337 1482 haec
1381 1429 1599 1482 fortiori
1647 1427 1871 1482 conci-5

144 1506 330 1556 tantur
362 1503 563 1572 ardore,
603 1502 650 1555 si
679 1502 847 1556 istum
878 1520 1092 1556 cursum
1123 1501 1306 1555 Lunae
1336 1502 1485 1555 Mars
1517 1501 1601 1555 vel
1637 1500 1819 1555 Satur-

143 1595 245 1629 nus
272 1577 533 1645 quadrata
559 1577 643 1629 ‘vel
668 1575 778 1646 [de]
804 1576 1067 1630 diametra
1090 1575 1390 1634 radiatione
1417 1576 1713 1645 respexerit
1733 1575 1818 1628 vel

79 1675 121 1706 20
145 1651 191 1703 si
220 1650 481 1703 Venerem
512 1651 682 1703 isdem
701 1651 949 1719 coeperit
979 1649 1373 1704 radiationibus
1405 1650 1621 1702 intueri.
1691 1649 1820 1702 For-

144 1723 285 1778 tiora
323 1725 455 1778 haec
493 1727 674 1777 autem
719 1727 876 1777 erunt
914 1724 1078 1794 mala,
1126 1725 1172 1777 si
1211 1723 1480 1777 Venerem
1519 1726 1574 1776 et
1611 1722 1820 1777 Lunam

145 1798 202 1851 in
242 1795 460 1852 Saturni
498 1799 584 1852 vel
622 1797 816 1851 Martis
863 1797 1022 1851 domo
1066 1799 1166 1867 sic,
1212 1798 1354 1852 sicut
1393 1798 1652 1866 diximus,
1697 1815 1821 1851 con-

147 1872 365 1925 stitutas
404 1873 518 1925 sine
558 1875 825 1940 oportuno
872 1871 1185 1926 testimonio
1223 1871 1369 1925 Iovis
1411 1871 1557 1924 Mars
1600 1871 1687 1924 vel
1729 1869 1820 1923 Sa-

147 1948 337 1998 turnus
378 1945 639 2015 quadrata
676 1946 761 1999 vel
800 1946 1062 1999 diametra
1099 1945 1399 2012 radiatione
1437 1944 1744 2013 respexerit.

0 2063 9 2178 f
82 2130 124 2163 25
182 2172 192 2180 ,
470 2106 591 2160 VII.
644 2092 851 2161 LUNA
888 2106 989 2160 AD
1029 2105 1494 2161 MERCURIUM.

295 2207 351 2262 Si
388 2208 542 2262 Luna
587 2211 653 2263 ad
699 2210 1026 2263 Mercurium
1071 2209 1278 2262 feratur
1324 2213 1380 2262 et
1430 2210 1479 2262 ei
1528 2227 1583 2262 se
1631 2226 1819 2263 cursus
1841 2209 1868 2261 1

0 2268 9 2368 ᾗ
149 2284 232 2336 sui
271 2283 568 2336 radiatione
600 2284 892 2354 coniungat
923 2286 978 2335 et
1009 2282 1081 2336 sit
1111 2283 1270 2352 plena
1303 2282 1617 2352 luminibuS,
1655 2281 1819 2335 faciet

0 2369 13 2480 ι
150 2357 398 2411 cordatos
436 2357 767 2427 ingeniosos,
814 2359 1053 2410 oratores
1102 2366 1313 2410 summa
1352 2325 1692 2428 eloquentiae
1729 2374 1822 2409 no-

1 2494 6 2497 *
148 2431 360 2485 bilitate
410 2431 700 2513 fulgenteS,
750 2430 1068 2500 praesertim
1117 2430 1164 2483 si
1209 2429 1508 2485 Mercurius
1560 2431 1618 2482 in
1668 2447 1822 2499 opor·

84 2527 127 2560 so
149 2505 296 2558 tunis
336 2503 613 2575 geniturae
651 2503 783 2558 locis
823 2504 1150 2558 constitutus
1188 2505 1246 2558 in
1285 2505 1455 2575 signis
1497 2503 1608 2557 suis
1641 2503 1725 2557 vel
1765 2502 1824 2556 in
1883 2531 1886 2535 ’

302 2669 328 2708 3
358 2664 479 2709 hanc
509 2669 571 2707 Ra
711 2668 736 2707 5
770 2676 919 2707 errore
949 2667 994 2706 Π
1041 2665 1048 2721 Ι
1100 2663 1267 2709 Orient
1292 2665 1357 2708 II
1373 2667 1468 2709 299
1499 2663 1598 2718 εἴτε.
1627 2662 1824 2706 Mueller

148 2727 180 2767 6
210 2722 521 2780 praemiscuas
544 2728 633 2768 HV
735 2727 760 2766 9
784 2721 929 2766 fribus
952 2726 997 2766 Π
1099 2727 1153 2766 14
1183 2724 1332 2780 suppl.
1357 2722 1434 2766 Δ’
1518 2726 1570 2765 15
1604 2720 1768 2778 duppl-
1790 2725 1823 2763 P

130 2785 210 2825 16
242 2781 303 2825 ad
333 2796 437 2826 eam
466 2782 537 2841 A']
569 2782 731 2827 eadem
852 2785 904 2826 17
936 2781 1208 2838 concitatur,
1239 2796 1351 2827 corr
1386 2795 1413 2825 σ
1533 2785 1586 2823 19
1618 2780 1700 2824 del.
1728 2778 1820 2828 QA'

155 2838 168 2899 Ι
190 2840 445 2912 respexerit
475 2843 554 2898 bis,
579 2843 715 2898 prius
737 2845 1006 2896 exgmthum
1027 2845 1067 2884 R
1163 2846 1219 2885 20
1251 2839 1460 2912 ceperint
1483 2843 1607 2882 an
1698 2842 1754 2882 26
1780 2837 1823 2882 ei

156 2911 204 2942 se
237 2897 349 2957 ΩΧ]
381 2899 447 2944 eis
479 2900 539 2956 (ei
568 2902 624 2957 V)
744 2903 798 2943 28
831 2898 1111 2956 eloquentes,
1142 2914 1254 2945 corr
1281 2899 1329 2942 A‘
