2014 3202
836 110 902 154 ΠΙ
926 115 966 167 2,
991 123 1148 155 18—23.
1311 139 1317 144 -
1738 110 1842 163 103

166 233 350 303 faciet,
390 232 676 302 denegabit
713 232 946 300 nuptias,
986 231 1272 302 denegabit
1310 231 1478 299 filios,
1520 232 1843 300 praesertim

168 307 214 359 si
254 305 311 359 in
350 306 617 377 malignae
657 306 845 358 stellae
892 306 977 358 vel
1018 304 1174 375 signo
1222 305 1306 358 vel
1339 305 1464 358 -loco
1510 306 1595 358 vel
1642 306 1843 359 finibus
1920 360 1925 370 ,Δ

167 380 334 433 fuerit
371 381 634 433 inventus,
712 377 864 440 Quod
905 380 951 432 si
990 379 1241 433 benivola
1280 379 1437 432 stella
1485 379 1559 431 sic
1600 381 1842 448 positum

166 473 262 524 per
306 458 519 508 noctem
574 452 816 522 [saltem]
868 451 1161 506 Saturnum
1215 455 1358 506 bona
1410 453 1708 506 radiatione
1763 472 1842 507 re·
1911 449 1916 459 ’

121 552 142 584 5
169 527 425 598 spexerit,
468 528 524 579 id
562 530 645 580 est
684 526 828 580 Iovis
878 530 970 579 aut
1010 527 1260 595 Veneris,
1306 527 1662 596 †specialiter
1706 546 1839 596 quos

165 602 325 670 paulo
365 605 490 654 ante
522 601 752 653 diximus
790 601 1059 671 denegari,
1098 620 1163 654 ex
1195 602 1376 670 aliqua
1406 603 1561 670 parte
1592 601 1841 671 largitur.

167 673 270 728 Sed
309 675 616 744 specialiter
650 673 870 727 Saturni
910 676 1069 728 stella
1107 694 1203 744 per
1240 678 1457 728 noctem
1495 675 1552 726 in
1588 675 1839 728 omnibus

164 749 470 802 cardinibus
504 749 802 802 constituta
831 749 974 801 mala
1005 751 1284 819 geniturae
1316 748 1551 801 maxima
1580 748 1838 818 decernit3

163 841 355 876 uxores
396 823 540 875 enim
578 823 820 892 perimit,
867 823 1010 876 filios
1049 823 1347 892 prosternit
1390 826 1445 874 et
1485 823 1706 876 acerbos
1747 823 1838 876 do·

0 888 17 962 ’,
97 921 140 952 10
162 897 302 950 lores
338 895 590 949 orbitatis
622 915 835 966 semper
865 896 1067 950 indicit.
1132 896 1335 960 Quodsi
1367 895 1444 948 sic
1467 897 1678 965 positus
1713 915 1838 950 con-
1855 899 1928 951 22

163 970 493 1024 iunctionem
524 969 707 1023 Lunae
747 971 1043 1024 deficientis
1084 970 1368 1040 exceperit,
1407 971 1470 1038 is,
1510 970 1603 1039 qui
1635 971 1712 1024 sic
1742 969 1839 1024 Sa-

162 1048 384 1097 turnum
421 1044 695 1113 habuerit,
741 1045 916 1113 <erit>
954 1045 1290 1114 paupertatis
1339 1062 1498 1096 onere
1547 1044 1839 1113 confectuS,

161 1122 223 1171 ut
256 1122 310 1188 et
340 1119 639 1172 cotidianae
672 1119 814 1172 vitae
847 1119 1105 1171 alimenta
1142 1119 1233 1171 vix
1262 1118 1477 1187 habeat,
1514 1118 1839 1187 praesertim

164 1192 211 1245 si
241 1192 396 1245 Luna
431 1193 489 1244 in
526 1192 786 1245 feminino
828 1193 983 1263 signo
1016 1193 1313 1246 constituta
1351 1191 1602 1245 deficiens
1634 1192 1837 1245 lumine

96 1290 138 1322 15
163 1285 219 1319 se
261 1264 493 1319 Saturno
535 1266 886 1319 coniunxerit.
959 1265 1163 1328 Quodsi
1202 1266 1279 1319 sic
1321 1265 1585 1319 Saturnus
1624 1265 1838 1335 positus

163 1339 342 1392 radios
370 1340 548 1393 Lunae
582 1341 869 1394 crescentis
902 1339 1185 1408 exceperit,
1215 1339 1660 1408 inaequalitatem
1692 1340 1837 1393 vitae

164 1414 414 1481 decernit,
452 1418 514 1466 ut
544 1431 653 1466 non
686 1414 759 1466 sit
796 1414 854 1466 in
892 1432 969 1484 e0,
1010 1414 1102 1483 qui
1137 1414 1213 1467 sic
1244 1413 1498 1466 habuerit
1529 1411 1837 1482 Saturnum,

161 1506 300 1540 unus
339 1488 482 1540 vitae
522 1487 820 1557 similisque
860 1506 1069 1551 cursuS‚
1118 1488 1209 1540 sed
1255 1491 1317 1540 ut
1365 1505 1575 1555 semper
1622 1505 1677 1540 se
1724 1506 1837 1540 mu-

161 1562 318 1613 tabili
350 1561 663 1614 diversitate
688 1565 980 1614 convertat.
1037 1559 1094 1614 Si
1125 1579 1252 1614 vero
1286 1561 1363 1614 sic
1387 1562 1567 1629 posito
1595 1558 1829 1614 Saturno
1850 1561 1923 1615 23

93 1659 136 1690 ρο
163 1635 413 1688 Mercurii
453 1653 508 1688 se
549 1635 598 1688 ei
637 1635 796 1688 stella
834 1635 1142 1705 sociaverit,
1188 1653 1412 1688 acumen
1452 1633 1627 1688 cordis
1667 1635 1834 1688 maxi-

161 1727 308 1761 mum
348 1708 500 1761 dabit
547 1711 601 1762 et
637 1709 859 1779 longam
898 1710 1041 1761 vitae
1085 1709 1470 1778 substantiam,
1515 1709 1838 1778 praesertim

162 1783 206 1835 si
245 1783 493 1836 dominus
534 1783 814 1853 geniturae
861 1782 946 1836 vel
993 1784 1150 1835 dator
1187 1784 1330 1836 vitae
1373 1781 1553 1835 fuerit.
1631 1782 1838 1845 Quodsi

162 1857 460 1910 contrarius
492 1857 658 1909 fuerit
687 1857 750 1926 is,
789 1857 882 1926 qui
914 1857 1162 1909 dominus
1197 1857 1476 1927 geniturae
1508 1860 1606 1926 est,
1639 1857 1705 1925 ei,
1744 1857 1838 1925 qui

161 1931 317 1983 dator
354 1931 496 1983 vitae
542 1930 730 1999 fuerit,
778 1950 842 1983 ex
886 1930 972 1983 his
1012 1931 1166 1983 annis
1175 1973 1189 2000 ,
1237 1931 1328 2000 qui
1375 1930 1574 1983 decreti
1619 1930 1835 1998 fuerint,

93 2027 135 2059 25
161 2002 389 2074 triginta
419 2022 587 2057 annos
621 2004 917 2072 subtrahit,
949 2005 1042 2056 sed
1074 2007 1128 2056 et
1151 2004 1379 2056 fortiora
1411 2003 1555 2055 mala
1582 2003 1836 2074 decernit,

160 2078 657 2147 quotienscumque
679 2078 756 2131 sic
797 2078 1092 2131 collocatus
1145 2081 1333 2130 contra
1372 2077 1649 2130 dominum
1688 2077 1838 2146 geni-

159 2157 327 2220 turae,
359 2170 518 2220 quem
544 2151 775 2205 Graeci
808 2151 1199 2219 oecodespoten
1221 2154 1431 2218 vocant,
1463 2151 1547 2203 vel
1574 2150 1620 2202 si
1644 2154 1836 2204 contra

159 2226 403 2278 datorem
427 2226 569 2277 vitae
593 2224 759 2279 fuerit
784 2225 1094 2292 collocatUS,
1120 2225 1442 2293 praesertim
1468 2224 1514 2276 si
1538 2222 1685 2277 Mars
1711 2242 1830 2277 eum

159 2300 423 2368 quadrata
475 2300 560 2351 vel
615 2298 881 2351 diametra
927 2297 1224 2350 radiatione
1270 2297 1576 2368 respexerit.
1647 2297 1834 2352 Faciet

306 2494 334 2532 4
367 2488 533 2532 saltem
570 2502 626 2532 ss.
658 2492 703 2530 M
744 2488 827 2531 del.
861 2504 888 2531 κ
945 2488 964 2545 Ι’
1007 2486 1228 2543 respexit,
1268 2501 1380 2531 corr.
1414 2486 1462 2530 A'
1617 2491 1642 2530 5
1675 2499 1837 2542 uenus,

158 2560 271 2591 corr.
302 2562 333 2589 v
382 2548 387 2606 Ι
444 2546 694 2591 felicitates
734 2560 849 2602 quas
881 2562 908 2589 κ
1029 2550 1054 2588 6
1085 2546 1225 2602 paulo
1257 2560 1339 2590 om.
1371 2550 1409 2588 V
1530 2550 1556 2589 8
1590 2545 1835 2602 geniturae

157 2605 285 2649 mala
315 2623 342 2649 κ
382 2608 387 2664 Ι
428 2605 672 2662 maximae,
705 2620 816 2650 corr.
850 2603 898 2647 A'
1024 2609 1079 2648 10
1111 2604 1349 2661 orbitates,
1382 2619 1494 2649 corr.
1528 2603 1576 2647 A‘
1614 2608 1622 2661 Ι
1662 2603 1832 2661 potius,

159 2678 270 2709 corr.
303 2663 352 2707 A'
448 2670 501 2708 12
533 2666 678 2722 suppl.
712 2681 740 2708 a
766 2667 772 2721 1
799 2665 1100 2721 paupertates
1130 2669 1187 2706 pa
1214 2666 1219 2721 Ι
1247 2665 1416 2708 honere
1447 2667 1579 2706 11⁵3
1678 2667 1731 2706 16
1763 2662 1833 2706 in-

160 2723 546 2781 aequabilitatem
576 2729 614 2766 V
721 2729 774 2767 18
807 2737 925 2766 unus
956 2737 986 2765 v
1015 2722 1168 2778 (unius
1199 2724 1274 2782 A)]
1306 2737 1410 2766 uen.
1527 2726 1583 2764 20
1615 2720 1658 2764 ei
1689 2722 1772 2765 del.
1806 2738 1834 2765 a

161 2786 215 2824 23
253 2783 487 2840 yenitwrae
524 2784 735 2828 dominus
773 2797 803 2826 a
839 2782 957 2825 vitae
1002 2782 1156 2826 datore
1199 2796 1294 2826 ‘non
1332 2783 1555 2836 diversuS‚
1602 2781 1658 2834 cf.
1694 2783 1766 2834 73,
1791 2791 1835 2822 12

159 2840 240 2883 IV
266 2845 346 2895 19,
373 2852 402 2885 1.
442 2845 517 2898 20,
547 2854 563 2884 1
601 2842 791 2886 Salmas.
823 2843 917 2884 265
1066 2845 1122 2884 24
1164 2842 1221 2895 cf.
1257 2844 1329 2894 74,
1355 2852 1373 2883 1
1428 2842 1435 2897 1
1494 2838 1692 2882 decretis
1730 2843 1834 2882 PB·-

161 2902 217 2941 25
247 2899 443 2956 potiora,
475 2915 586 2945 corr.
618 2917 646 2944 κ
768 2904 821 2943 27
857 2898 1187 2956 oetodespoten
1217 2904 1250 2942 P
