2014 3202
192 83 298 158 142
921 103 1149 150 rmMici

190 229 283 278 aut
341 225 524 294 aliqua
577 225 659 277 illi
711 224 1010 278 radiatione
1065 220 1403 292 coniunctae,
1454 225 1594 278 nihil
1649 226 1865 295 quidem

188 299 315 367 <in>
372 300 582 352 actibus
644 317 817 368 neque
878 299 1176 352 honoribus
1235 298 1551 368 impedient,
1615 301 1706 352 sed
1761 301 1863 354 soli
1912 332 1915 336 >

187 374 425 426 filiorum
463 373 583 426 loco
625 373 803 426 acerbi
844 373 1044 427 decreti
1081 373 1482 442 perseverantia
1519 377 1729 427 nocent.

101 454 171 507 39
337 446 403 499 In
442 445 756 499 duodecimo
796 446 915 499 loco
951 445 1044 500 Sol
1084 447 1151 499 ab
1191 447 1490 516 horoscopo
1533 448 1862 500 constitutus

187 520 459 591 ignobiles
515 524 570 573 et
615 520 924 589 frequenter
972 539 1154 574 servos
1210 525 1264 574 et
1311 521 1546 589 captivos
1594 520 1757 574 faciet
1791 525 1862 574 -et
1908 542 1928 575 5

184 594 358 664 patris
408 595 571 647 citam
618 597 850 647 mortem
904 597 959 647 et
1013 595 1183 647 totius
1234 595 1548 663 patrimonii
1598 595 1862 648 iacturam

186 669 445 735 decernit,
494 667 659 720 etiam
698 668 834 721 vitia
880 671 934 720 et
973 667 1337 738 aegritudines
1378 686 1585 738 graves.
1664 667 1768 722 Sed
1807 673 1862 722 et

186 743 231 795 si
271 742 522 794 benivola
562 742 720 794 stella
760 760 880 795 cum
917 741 1039 795 Sole
1080 743 1136 794 in
1169 761 1230 795 eo
1263 743 1383 795 loco
1422 742 1588 795 fuerit
1626 742 1860 810 inventa,

181 816 534 871 nihilominus
596 815 860 868 maximas
921 814 1294 886 ignobilitates
1356 815 1533 870 faciet.
1611 814 1670 868 Si
1731 834 1857 869 vero

180 890 436 943 malivola
475 890 633 942 stella
679 890 737 941 in
773 890 877 943 hoc
917 907 1039 943 cum
1080 889 1203 942 Sole
1251 889 1416 942 fuerit
1454 890 1695 959 inventa,
1741 908 1856 958 per·
1883 911 1926 942 10

179 967 371 1033 petuas
413 962 778 1034 aegritudines
824 967 878 1016 et
917 963 1052 1016 vitia
1091 963 1326 1016 maxima
1366 963 1603 1016 decernit
1649 968 1704 1017 et
1740 982 1856 1033 per-

121 1046 127 1054 *
179 1041 370 1106 petuas
411 1039 715 1091 servitutes,

90 1118 163 1171 40
330 1111 434 1165 Sed
473 1115 527 1164 et
562 1109 703 1164 Solis
744 1111 1273 1164 duodecatemorium
1314 1113 1368 1163 et
1404 1110 1857 1163 duodecatemorii

178 1186 312 1238 fines
352 1186 642 1256 diligenter
679 1185 914 1255 inquire,
959 1203 1026 1238 ne
1074 1185 1131 1237 in
1171 1185 1352 1254 aliquo
1400 1187 1453 1237 te
1501 1184 1656 1237 fallat
1695 1183 1855 1237 huius

180 1260 356 1329 operis
397 1259 696 1329 disciplina.
1880 1279 1922 1310 15

807 1376 900 1431 VI.
952 1374 1219 1430 VENUS.

127 1488 155 1540 1
321 1480 506 1534 Venus
545 1482 602 1532 in
639 1484 793 1550 parte
832 1481 1122 1549 horoscopi
1161 1479 1432 1548 partiliter
1470 1478 1767 1532 constituta
1806 1479 1850 1532 si

174 1573 271 1624 per
299 1557 515 1607 noctem
547 1555 604 1606 in
634 1554 738 1607 hoc
761 1555 880 1607 loco
912 1554 1094 1624 fuerit,
1126 1554 1321 1607 divinis
1346 1552 1579 1622 ingeniis
1603 1552 1850 1605 homines

173 1628 359 1699 faciet,
407 1628 610 1680 amicos
648 1628 1038 1696 imperatorum
1087 1630 1180 1680 aut
1225 1625 1533 1695 potentium
1571 1626 1746 1678 reddit
1795 1630 1850 1678 et

174 1703 367 1772 quibus
415 1702 803 1770 imperatorum
857 1719 919 1754 ac
969 1718 1291 1770 magnorum
1339 1699 1577 1753 virorum
1629 1699 1849 1769 negotia
1873 1722 1915 1752 20

174 1777 472 1829 credantur.
549 1775 735 1827 Faciet
774 1774 939 1828 etiam
979 1778 1221 1828 oratores
1262 1773 1525 1826 maximos
1574 1775 1629 1826 et
1674 1773 1845 1826 bonos

172 1850 463 1903 secundum
493 1852 744 1902 naturam
777 1848 1203 1918 qualitatemque
1245 1848 1542 1917 signorum.
1611 1844 1669 1899 Si
1704 1846 1847 1900 enim

170 1923 228 1976 in
273 1923 525 1976 humanis
574 1923 744 1993 signis
790 1922 1065 1991 partiliter
1110 1922 1167 1974 in
1212 1921 1513 1989 horoscopo
1560 1920 1724 1972 fuerit
1769 1920 1846 1972 in-

170 2002 354 2066 venta,
409 1997 572 2050 faciet
627 1997 966 2050 sacerdotum
1018 1995 1288 2065 principes
1345 1998 1399 2047 et
1455 1994 1546 2062 qui
1599 1994 1658 2046 in
1709 1993 1843 2063 ipsis
1912 2020 1915 2027 ·

172 2070 483 2125 sacerdotiis
537 2070 821 2140 purpureis
870 2073 963 2123 aut
1012 2069 1216 2122 auratis
1263 2068 1504 2122 vestibus
1551 2068 1844 2120 induantur
1866 2088 1911 2120 25

171 2149 226 2198 et
265 2145 358 2215 qui
395 2144 580 2197 futura
617 2143 942 2213 praedicant.
1011 2143 1198 2196 Faciet
1237 2146 1418 2195 autem
1458 2145 1645 2212 gratos
1684 2159 1843 2193 venu-

173 2222 285 2271 stos
319 2219 529 2287 divites,
570 2219 616 2271 si
646 2218 796 2270 nulla
826 2217 1080 2270 malivola
1111 2217 1269 2270 stella
1301 2216 1376 2269 sic
1408 2215 1618 2284 positae
1643 2214 1842 2267 Veneri

117 2293 352 2362 2aliqua
399 2310 454 2344 se
501 2295 775 2360 potestate
814 2291 1131 2344 radiationis
1173 2290 1444 2343 obiecerit.
1524 2287 1580 2341 Si
1619 2306 1744 2341 vero
1784 2287 1842 2339 in

167 2365 269 2436 his,
310 2366 504 2434 quibus
545 2365 793 2434 diximus,
832 2365 1001 2435 signis
1039 2363 1311 2433 partiliter
1342 2363 1549 2415 Venere
1588 2362 1646 2414 in
1680 2361 1840 2413 horo-

317 2544 341 2583 2
373 2539 423 2583 in
455 2539 559 2583 add.
593 2556 619 2582 κ
677 2541 682 2595 1
741 2538 827 2583 soli
856 2540 913 2598 V]
946 2538 1014 2582 sol
1134 2542 1159 2581 5
1189 2536 1384 2592 nobiles,
1416 2550 1526 2602 eowjr.
1559 2533 1607 2576 A‘
1641 2538 1678 2575 V
1708 2548 1789 2578 rec.
1822 2533 1834 2607 J

167 2600 446 2655 frequenteS,
477 2612 587 2642 corr.
616 2613 645 2639 v
737 2602 760 2640 7
794 2597 955 2654 uitam,
987 2611 1097 2642 corr.
1128 2597 1234 2641 Sittz
1261 2597 1266 2653 Ι
1294 2594 1615 2652 egritudinem,
1649 2606 1759 2636 corr.
1785 2596 1823 2635 A

170 2665 195 2703 8
227 2658 275 2702 in
308 2671 361 2701 eo
385 2684 442 2690 —
468 2662 522 2701 10
555 2671 656 2700 cum
690 2655 794 2700 Sole
827 2658 894 2701 bis
922 2658 1086 2701 habent
1115 2659 1204 2698 MV
1296 2659 1350 2697 10
1381 2653 1430 2696 in
1460 2653 1548 2696 hoc
1578 2650 1748 2710 (loco)
1774 2665 1799 2694 6
1826 2651 1832 2710 Ι

167 2719 255 2761 hoc
287 2716 471 2760 console
493 2720 572 2759 PR
664 2719 717 2758 13
751 2715 832 2769 sol,
865 2729 975 2759 corr.
1001 2714 1049 2757 A'
1145 2718 1199 2758 14
1229 2712 1279 2756 in
1310 2726 1391 2757 om.
1424 2716 1468 2755 Μ
1560 2715 1613 2753 16
1647 2723 1728 2754 om.
1754 2714 1837 2751 PB.

170 2777 226 2819 de
257 2789 424 2819 uenere
454 2779 491 2817 V
607 2779 659 2818 18
691 2772 876 2816 inieniis
907 2779 944 2816 V
1050 2777 1104 2816 23
1136 2771 1379 2827 horoscopi
1409 2775 1490 2812 PR.
1599 2773 1653 2812 25
1687 2781 1836 2811 sacer-

170 2834 290 2878 dotis
323 2839 456 2876 MPR
575 2838 630 2876 26
671 2834 802 2876 et‚l’a
816 2833 868 2889 Q]
904 2834 957 2876 ut
986 2830 1187 2875 111²va
1300 2835 1354 2873 29
1386 2831 1788 2883 uenerem—143,
1814 2840 1834 2871 1

170 2892 483 2948 constitutam,
516 2906 626 2937 corr.
660 2890 707 2934 A'
739 2893 744 2948 Ι
771 2891 1089 2947 horoscopum,
1120 2903 1233 2936 corr.
1263 2903 1293 2932 v
