1992 3198
166 115 201 167 4
897 114 1125 159 FIRMICI

168 236 414 307 quentiae
454 238 579 288 tuae
618 236 816 289 iudicio
856 236 1213 304 requirantur.
1282 235 1347 288 In
1375 235 1533 288 nobis
1573 239 1732 290 tenue
1763 237 1842 290 in-
1904 264 1906 267 ·

167 311 386 381 genium
425 312 479 361 et
526 327 701 362 sermo
751 309 966 362 subtilis
1008 313 1084 374 et,
1135 309 1279 379 quod
1315 328 1438 362 vere
1479 310 1841 364 confitendum
1902 373 1906 377 ,

166 388 262 448 est,
288 383 593 436 matheseos
618 383 994 453 †permodica3
1027 401 1162 453 quae
1195 383 1375 436 omnia
1408 402 1530 437 cum
1559 401 1660 436 nos
1692 384 1841 438 varia

166 458 539 526 desperatione
586 458 893 526 turbarent,
948 458 1187 540 adgressi
1236 476 1419 510 sumus
1478 461 1659 510 tamen
1716 458 1842 511 scri-

164 530 326 584 bendi
364 531 621 600 laborem,
658 549 739 598 ne,
778 530 907 584 licet
944 531 997 583 in
1041 531 1220 583 arduis
1259 549 1321 583 ac
1353 530 1687 584 difficillimis
1720 550 1839 601 pro·
1886 553 1906 586 5

164 605 514 658 missionibus
540 605 840 674 constituti,
865 605 1179 674 prudentiae
1204 608 1345 673 tuae,
1369 604 1630 674 Lolliane,
1649 604 1843 659 doctis-

165 679 302 731 sima
339 678 538 731 iudicia
575 678 898 732 falleremus.

979 811 1019 864 I.

115 903 142 954 1
312 900 377 952 In
413 899 683 952 vestibulo
724 899 907 969 itaque
949 900 1210 953 orationis
1251 903 1411 968 atque
1442 900 1499 952 in
1531 900 1665 969 ipsis
1697 900 1840 969 prin-

165 974 430 1043 cipiorum
467 973 776 1042 primordiis
818 974 1103 1026 constituti
1133 973 1271 1026 nihil
1312 973 1456 1025 aliud
1495 991 1655 1043 agere
1687 974 1840 1027 debe·
1864 997 1907 1027 10

164 1066 301 1117 mus,
338 1047 445 1100 nisi
485 1049 546 1100 ut
577 1046 662 1099 his
695 1048 1127 1116 respondeamus,
1168 1047 1260 1115 qui
1291 1050 1465 1099 totam
1496 1049 1606 1099 vim
1638 1049 1846 1101 mathe-.

166 1140 285 1174 seos
319 1119 610 1190 multiplici
643 1121 948 1174 orationum
979 1138 1173 1190 genere
1205 1120 1531 1174 labefactare
1562 1125 1841 1191 conantur,

166 1196 258 1264 qui
306 1195 589 1248 sententiis
638 1212 699 1248 ac
746 1195 1203 1263 disputationibus
1252 1194 1362 1246 suis
1411 1212 1623 1247 omnem
1669 1195 1841 1263 philo-

165 1269 415 1339 sophiam
454 1267 798 1337 divinamque
838 1268 1120 1321 scientiam
1166 1271 1363 1337 putant
1409 1286 1466 1321 se
1511 1286 1672 1337 posse
1711 1270 1841 1322 elati

166 1343 430 1396 sermonis
471 1342 794 1396 auctoritate
831 1342 1180 1412 perfringere.
1251 1341 1413 1410 Quos,
1454 1342 1595 1394 sicut
1633 1359 1734 1412 ego
1765 1343 1841 1395 iu·
1866 1363 1907 1395 15

165 1417 283 1470 dico
325 1419 379 1469 et
418 1416 559 1469 sicut
597 1416 729 1484 ipsis
769 1416 929 1468 rebus
967 1417 1253 1484 probatur,
1291 1434 1402 1468 non
1437 1415 1726 1468 infirmitas
1764 1417 1842 1485 ip-

166 1491 277 1543 sius
331 1489 651 1558 falsitasque
705 1489 1007 1559 doctrinae,
1063 1489 1155 1541 sed
1209 1488 1609 1541 contradicendi
1662 1490 1841 1542 studia

168 1563 482 1633 sollicitant,
511 1567 574 1616 ut
599 1563 759 1616 certis
785 1581 846 1616 ac
871 1562 1105 1615 definitis
1129 1562 1304 1645 roebUS,
1341 1580 1473 1630 quas
1497 1581 1605 1614 non
1628 1565 1840 1615 tantum

167 1638 347 1690 animo
381 1656 443 1691 ac
474 1637 686 1690 ratione
711 1637 993 1704 cernimus,
1025 1635 1162 1688 sed
1146 1654 1389 1705 ipsorum
1419 1626 1697 1688 oculorum
1729 1637 1841 1689 acie

166 1715 221 1764 et
251 1711 450 1764 iudicio
483 1711 858 1780 conspicimuS,
893 1709 1360 1793 argumentatione
1390 1710 1651 1779 pugnacis
1683 1710 1842 1763 lieen-
1865 1732 1908 1762 20

117 1787 150 1838 2
167 1785 274 1838 tiae
314 1785 614 1838 resistatur.
689 1784 765 1838 Hi
801 1802 1034 1853 namque
1071 1783 1232 1836 nimis
1275 1783 1406 1835 altis
1447 1801 1508 1835 ac
1548 1783 1840 1837 subtilibus

168 1857 629 1928 disputationibus
670 1858 781 1911 suis
822 1876 887 1910 ex
931 1855 1066 1926 ipsis
1113 1857 1288 1926 primo
1335 1856 1841 1910 mathematicorum

166 1932 441 2002 responsis
474 1931 629 2001 quasi
658 1950 754 2001 per
786 1931 1090 1984 cuniculum
1122 1930 1386 1999 quendam
1418 1930 1484 1982 ad
1514 1930 1843 1984 labefactan-

167 2007 291 2058 dam
342 2006 482 2059 hane
535 2008 709 2059 totam
764 2005 1045 2058 scientiam
1099 2007 1360 2057 conantur
1420 2004 1684 2073 inrepere;
1748 2005 1840 2074 qui

168 2083 370 2148 quanto
403 2079 771 2133 vehementius
802 2081 1049 2149 pugnant
1088 2080 1454 2146 quantumque
1486 2077 1839 2146 persuadendi
1863 2099 1906 2131 25

166 2154 280 2206 vias
337 2157 616 2221 quaerunt,
671 2156 826 2206 tanto
880 2153 1042 2205 fidem
1096 2151 1421 2220 astrologiae
1470 2151 1840 2205 vehementius

119 2227 471 2294 3fortiusque
519 2227 851 2279 confirmant.
927 2225 1115 2294 Neque
1165 2224 1307 2277 enim
1361 2228 1503 2277 esset
1556 2225 1669 2278 eius
1715 2243 1842 2278 vera

172 2300 489 2368 substantia,
526 2300 633 2353 nisi
672 2303 861 2353 contra
899 2318 1017 2352 eam
1049 2298 1215 2351 tantis
1247 2301 1688 2368 argumentorum
1718 2299 1841 2351 viri-

167 2375 270 2427 bus
300 2373 615 2426 niterentur.
669 2372 783 2427 Nec
813 2374 917 2426 hoc
951 2375 1034 2426 est
1064 2372 1414 2424 admiratione
1448 2372 1685 2442 dignum,
1719 2390 1839 2425 cum

170 2447 401 2500 sciamus
439 2447 581 2499 inter
617 2446 766 2516 ipsos
806 2451 1008 2516 quanta
1047 2446 1118 2499 sit
1155 2445 1293 2513 (de)
1331 2445 1451 2513 ipsa
1490 2445 1711 2498 deorum
1749 2463 1840 2498 na·
1863 2467 1906 2498 30

319 2604 591 2664 2subtilis]
631 2604 852 2648 subexilis
892 2606 1144 2650 Mommsen
1292 2608 1317 2646 3
1356 2603 1526 2660 peritia
1564 2603 1748 2647 modica
1786 2605 1840 2647 de

177 2666 466 2720 Winterfeldt
492 2663 809 2731 permodicum
839 2665 895 2708 ab
925 2679 1014 2708 usu
1044 2664 1223 2709 dicendi
1253 2663 1453 2706 alienum
1570 2668 1598 2706 4
1631 2676 1692 2719 ag
1660 2662 1839 2729 ggressi

169 2729 258 2766 MV
364 2728 388 2767 5
422 2722 758 2767 dificillimisV
880 2728 933 2766 13
959 2729 1064 2779 post
1094 2722 1187 2766 suis
1218 2736 1305 2766 ras.
1334 2726 1359 2765 1
1392 2722 1475 2766 litt.
1507 2725 1551 2763 Μ
1590 2722 1595 2778 Ι
1637 2721 1838 2777 philoso-

169 2783 342 2838 phyam
371 2787 416 2824 M
444 2781 801 2839 phylosophiam
830 2786 863 2823 P
970 2787 1024 2826 15
1054 2779 1362 2839 perstringere
1393 2784 1438 2822 Μ
1540 2785 1593 2823 19
1627 2781 1699 2838 ac]
1733 2781 1780 2823 et
1801 2784 1838 2821 V

172 2846 226 2885 21
259 2841 326 2884 hii
356 2846 435 2884 PV
583 2846 639 2884 25
669 2840 969 2898 persuadenti
998 2846 1031 2883 P
1181 2845 1236 2884 26
1262 2845 1366 2896 post
1394 2840 1528 2882 tanto
1559 2852 1671 2882 eras.
1705 2844 1763 2893 q?
1795 2843 1839 2880 Μ

171 2903 227 2943 29
261 2899 581 2944 ammiratione
612 2905 649 2942 V
798 2904 854 2943 30
883 2899 987 2955 ipsa
1019 2900 1208 2944 deorum
1236 2900 1433 2943 naturae
1463 2901 1606 2953 HPV‚
1641 2910 1753 2942 corr.
1787 2896 1835 2939 A‘
