2014 3202
159 147 264 200 152
862 174 868 181 ‚
883 145 1111 190 FIRMKJI

158 267 466 336 frequenter
504 268 751 334 insidiaS,
790 267 921 321 facit
960 266 1125 319 animi
1165 270 1345 319 aestus
1386 271 1439 319 et
1480 268 1718 320 decernit
1757 268 1835 321 in-

160 341 362 394 stinctu
400 340 639 394 libidinis
681 340 856 410 turpis
898 341 1096 394 amoris
1135 339 1401 409 incendia3
1445 341 1541 393 alii
1579 360 1706 394 vero
1749 361 1830 396 an·

161 415 313 467 cillas
360 414 721 467 matrimoniis
777 415 883 467 sibi
936 415 1190 482 iungunt,
1245 414 1337 467 alii
1385 415 1538 484 [sibi]
1592 416 1829 484 publicas

162 487 470 556 meretrices
519 488 745 558 genialis
801 488 906 541 sibi
955 488 1063 540 tori
1114 489 1454 556 copulatione
1511 489 1832 553 consociant,

76 562 146 614 26
167 580 231 614 ex
272 579 376 630 qua
416 580 574 614 causa
615 562 778 614 etiam
817 562 1053 615 filiorum
1097 562 1309 615 soboles
1349 563 1657 633 denegatur.
1727 559 1832 613 Ρ81·

165 635 306 687 diem
345 653 470 688 vero
509 635 568 687 in
605 636 707 689 hoc
746 636 865 688 loco
905 630 1086 704 posita
1128 636 1412 688 mulierum
1453 655 1614 689 causa
1650 654 1831 689 necem

160 709 246 762 vel
279 708 449 761 malae
481 709 673 761 mortis
707 710 946 762 decernit
979 709 1322 762 atrocitatem
1355 711 1640 763 secundum
1678 713 1832 762 natu-

161 801 276 835 ram
314 783 739 852 qualitatemque
774 784 1075 853 signorum3
1114 783 1281 835 habet
1321 784 1463 836 enim
1502 785 1632 837 haec
1674 783 1833 836 stella

160 855 361 924 variaS,
405 857 497 909 sed
538 875 672 926 quae
713 857 929 910 difficile
975 856 1204 909 inveniri
1242 857 1473 925 possint,
1521 856 1833 910 decernendi

160 932 476 998 potestates.
556 929 707 984 Sicut
753 931 895 983 enim
942 931 999 982 in
1044 929 1372 1000 imaginibus
1422 930 1613 983 artifex
1658 931 1834 999 pictor

161 1002 477 1056 liniamenta
515 1005 880 1057 membrorum
934 1022 997 1056 ex
1035 1005 1184 1056 varia
1223 1005 1578 1057 mixturarum
1618 1003 1834 1056 diversi-

162 1080 276 1129 tate
330 1078 611 1147 persignat
672 1083 725 1131 et
781 1078 1097 1146 temperatis
1154 1078 1423 1130 coloribus
1481 1075 1575 1148 [et]
1633 1081 1835 1131 certam

164 1151 404 1219 corporis
444 1151 676 1204 formam
714 1152 1022 1204 imitatione
1063 1151 1194 1204 facit
1246 1152 1613 1204 similitudinis
1654 1170 1835 1220 corpo-

163 1225 317 1291 raliS,
372 1226 447 1278 sic
502 1229 557 1279 et
606 1226 887 1279 stellarum
943 1225 1228 1278 coniuncta
1273 1225 1502 1278 radiatio
1558 1226 1835 1278 societatis

164 1315 427 1352 consensu
464 1300 670 1368 pariter
709 1303 1009 1368 temperata
1046 1300 1157 1352 vim
1190 1300 1457 1368 quandam
1496 1299 1734 1359 vicissim
1773 1317 1834 1351 ex

164 1373 464 1426 coniunctis
520 1373 625 1426 sibi
677 1374 1041 1442 potestatibus
1090 1376 1372 1426 mutuatur
1424 1377 1479 1425 et
1534 1373 1839 1425 substantia
1900 1423 1903 1426 ,

165 1446 269 1498 sibi
317 1465 380 1498 ex
419 1445 628 1500 diverso
675 1447 885 1517 ignium
932 1447 1110 1500 colore
1159 1447 1355 1499 collata
1397 1447 1511 1499 fata
1558 1447 1838 1499 hominum

165 1520 231 1571 ad
287 1520 530 1587 picturae
585 1522 803 1573 modum
857 1525 1086 1589 aequata
1141 1521 1417 1573 societatis
1474 1521 1838 1574 moderatione

75 1592 144 1644 27
166 1591 422 1662 depingit.
501 1593 642 1646 Nam
696 1594 801 1646 hoc
862 1594 939 1646 sic
1002 1612 1140 1663 esse,
1202 1594 1342 1662 quod
1406 1594 1655 1662 dicimus,
1715 1595 1836 1646 istis

165 1666 467 1718 rationibus
507 1668 904 1735 comprobatur.
980 1666 1187 1719 Venere
1235 1666 1329 1736 [si]
1379 1667 1477 1735 sic,
1525 1668 1664 1719 sicut
1710 1667 1837 1719 dixi-

165 1758 299 1808 111118,
341 1741 605 1793 collocata
638 1740 683 1792 si
714 1739 840 1808 <88>
874 1739 1137 1792 Saturnus
1175 1740 1356 1808 aliqua
1386 1740 1684 1793 radiatione
1718 1758 1836 1793 con-

165 1813 424 1883 iunxerit,
477 1814 685 1866 animos
739 1813 870 1866 facit
918 1812 1173 1882 [animos]
1222 1814 1489 1882 perversis
1540 1814 1687 1866 vitiis
1742 1814 1837 1866 im-

163 1887 354 1955 plicari
387 1892 441 1939 et
472 1888 537 1940 ad
568 1888 747 1940 nullos
780 1891 931 1940 actus
964 1888 1112 1939 reddi
1143 1888 1488 1954 necessariOS,
1519 1887 1836 1956 praesertim

167 1960 212 2013 si
243 1960 351 2013 ista
383 1961 689 2014 coniunctio
715 1961 945 2014 Veneris
979 1964 1032 2013 et
1060 1959 1280 2013 Saturni
1312 1962 1368 2013 in
1398 1964 1663 2013 nocturna
1694 1962 1837 2031 geni-

164 2038 288 2086 tura
326 2034 490 2087 fuerit
529 2035 758 2087 inventa.
832 2033 890 2087 Si
928 2053 1054 2087 vero
1095 2035 1172 2087 sic
1212 2035 1388 2102 posita
1418 2035 1534 2087 Iovi
1573 2053 1628 2087 se
1669 2035 1837 2087 radia-

165 2108 313 2160 tione
370 2108 728 2177 coniunxerit,
784 2109 850 2161 ab
906 2107 1125 2161 incursu
1178 2107 1547 2177 praecedentis
1599 2109 1837 2161 malitiae

164 2182 452 2250 liberatur3
493 2181 724 2234 maxima
760 2182 903 2235 enim
933 2182 1166 2252 largitur
1198 2183 1354 2235 bona.
1416 2181 1558 2234 Nam
1591 2186 1645 2234 et
1675 2182 1839 2251 patri-

316 2403 338 2442 1
372 2398 579 2442 insidaas
611 2405 647 2442 R
675 2402 680 2452 1
711 2402 866 2443 aestus
899 2400 1023 2467 Sim]
1057 2402 1187 2443 aestu
1220 2402 1390 2454 (estum
1419 2402 1473 2456 V)
1517 2401 1522 2456 Ι
1566 2402 1613 2443 et
1642 2401 1722 2457 κσ]
1756 2400 1837 2443 sed

167 2462 192 2500 2
227 2457 308 2500 alii
347 2456 395 2499 A'
408 2456 491 2516 vb]
531 2458 674 2501 animi
822 2458 1007 2503 4thori
1037 2463 1081 2501 M
1231 2464 1256 2501 5
1294 2459 1601 2515 denegantur,
1641 2472 1751 2502 corr.
1785 2458 1834 2501 A'

166 2517 264 2560 ‘noli
295 2517 463 2560 obicere
493 2517 675 2589 Reisi92
703 2518 766 2561 N.
793 2521 884 2562 562
1005 2522 1058 2560 12
1091 2519 1139 2560 et
1169 2518 1250 2561 del.
1285 2522 1322 2559 A
1443 2523 1495 2560 13
1528 2516 1837 2560 imitationem
1874 2550 1877 2552 >

167 2575 300 2625 (imn-
338 2579 413 2631 R),
461 2588 571 2619 corr.
613 2574 661 2618 A'
721 2577 727 2634 Ι
785 2575 1089 2620 similitudine
1127 2580 1205 2618 PB
1262 2577 1267 2632 Ι
1325 2575 1571 2631 corporali,
1620 2589 1730 2619 corr.
1776 2590 1838 2619 κσ

170 2639 222 2677 16
254 2636 464 2677 mutatur
495 2636 565 2690 (ur
596 2648 707 2678 eras.
733 2637 831 2690 V?),
864 2650 974 2680 corr.
1008 2635 1056 2678 A'
1070 2639 1105 2683 Q
1160 2637 1165 2691 Ι
1224 2633 1554 2690 substantiam,
1587 2648 1697 2678 corr.
1732 2634 1838 2678 Sittl

169 2697 222 2735 17
256 2693 486 2736 collocata
516 2695 651 2750 (—tam
681 2695 750 2749 V),
783 2707 893 2737 corr.
927 2694 975 2736 A'
987 2694 1049 2736 Vb
1164 2698 1216 2736 19
1248 2706 1357 2735 nam
1388 2692 1427 2734 si
1457 2692 1544 2735 hoc
1576 2692 1627 2735 si·
1677 2706 1775 2736 esse
1803 2698 1837 2735 P

169 2756 223 2794 20
256 2752 615 2808 comparabatur
644 2755 702 2793 Μ
725 2755 1019 2807 comparatur
1047 2757 1128 2795 PR
1176 2753 1181 2810 Ι
1230 2751 1408 2794 Venere
1439 2755 1477 2793 A
1505 2750 1694 2807 (Veneri
1723 2753 1834 2817 Vv)]

169 2823 312 2877 genus
405 2815 456 2853 21
492 2810 748 2854 collocatae
778 2815 816 2852 V
854 2813 859 2866 Ι
904 2811 961 2869 81]
994 2825 1041 2855 88
1072 2816 1109 2854 V
1152 2811 1158 2868 Ι
1201 2824 1247 2853 88
1279 2810 1384 2853 add.
1413 2808 1461 2851 A'
1571 2814 1624 2852 22
1659 2810 1835 2854 animos

161 2882 298 2923 prcus
329 2870 410 2912 del.
443 2873 495 2924 V,
521 2870 746 2925 posterius
777 2868 825 2911 A'
871 2872 876 2924 Ι
918 2869 1061 2913 faciet
1090 2875 1127 2912 V
1251 2873 1305 2911 23
1338 2867 1491 2912 reddit
1521 2872 1566 2910 V·
1587 2869 1692 2923 fort.
1724 2875 1837 2914 recte

171 2930 225 2969 25
258 2926 390 2982 iouis,
422 2941 533 2971 corr.
567 2927 615 2970 A'
739 2932 793 2970 27
824 2927 1106 2983 patrimonia
1139 2929 1440 2984 augmentata
1477 2929 1546 2983 (ta
1574 2941 1629 2972 ss.
1655 2930 1715 2983 M)
1746 2933 1836 2970 HV
