2014 3202
784 121 827 164 Π
851 125 920 176 16,
946 125 1098 177 2-19,
1122 134 1155 165 4.
1735 120 1802 173 61

130 260 295 311 scopo
340 243 490 295 locus
528 241 675 294 Malo
715 240 963 293 daemoni
1008 241 1063 293 id
1112 244 1195 293 est
1234 240 1352 293 XII.
1394 241 1461 294 ab
1500 241 1804 310 horoscopo

126 317 247 370 loco
280 316 642 386 praeponitur.
708 313 934 367 Scienda
966 319 1093 367 sunt
1124 314 1256 367 haec
1286 318 1469 367 autem
1503 316 1697 383 omnia,
1729 319 1803 383 ut,
1822 315 1856 367 3

130 409 251 444 cum
290 391 355 442 ad
395 389 786 458 apotelesmata
824 389 1152 454 venerimus,
1194 392 1387 442 cuncta
1423 389 1712 442 miscentes
1752 393 1807 441 et

129 466 491 533 temperantes
532 463 827 515 sententias
865 465 1082 515 nostras
1122 462 1270 515 fideli
1308 462 1557 515 veritatis
1597 462 1805 515 ratione

83 559 104 591 5
129 539 417 591 firmemus.

129 714 271 767 XIX.
311 713 410 766 DE
444 711 833 767 DUODECIM
864 711 1212 767 LOOORUM
1245 711 1805 767 POTESTATIBUS.

272 830 592 900 Specialiter
622 849 764 884 nunc
795 831 1076 884 duodecim
1107 831 1351 884 locorum
1383 831 1806 901 significationes
1830 835 1855 885 1

130 905 394 974 explicare
441 905 696 977 debemus
751 905 818 961 ab
865 905 1168 974 horoscopo
1223 905 1564 974 incipientes,
1618 909 1679 958 ut
1725 924 1810 958 ex-

69 987 75 991 '
129 980 324 1049 positis
379 997 475 1048 per
521 979 763 1032 ordinem
815 980 1064 1032 omnibus
1120 978 1451 1032 confusionis
1503 979 1808 1033 obscuritas

65 1077 107 1108 ιο
129 1054 438 1106 luminetur.
1616 1066 1619 1069 ⁴

277 1126 491 1179 Primus
531 1130 615 1179 est
653 1127 803 1179 locus
843 1126 1028 1196 [idest]
1069 1127 1166 1179 illa
1200 1145 1349 1198 pars,
1394 1127 1451 1179 in
1499 1145 1606 1195 qua
1650 1126 1861 1180 horo-2

134 1218 328 1270 scopus
375 1204 460 1253 est
504 1199 848 1253 constitutus
927 1201 988 1253 In
1034 1201 1138 1254 hoc
1187 1201 1307 1254 loco
1364 1201 1476 1253 vita
1528 1199 1811 1253 hominum

133 1278 188 1327 et
233 1274 456 1343 spiritus
504 1274 834 1343 continetur,
884 1293 949 1326 ex
994 1274 1095 1327 hoc
1142 1275 1262 1327 loco
1310 1275 1481 1327 totius
1530 1275 1810 1344 geniturae

47 1409 49 1411 ,
134 1348 483 1400 fundamenta
520 1352 830 1416 noscuntur,
868 1348 957 1401 hic
996 1348 1146 1401 locus
1188 1349 1255 1401 ab
1296 1366 1359 1400 ea
1396 1352 1565 1417 parte,
1605 1349 1663 1400 in
1703 1366 1810 1416 qua

68 1444 110 1477 15
134 1421 299 1474 fuerit
329 1421 677 1490 horoscopuS‚
709 1422 850 1474 vires
883 1440 1006 1474 suas
1038 1440 1134 1490 per
1165 1422 1405 1474 residuas
1438 1425 1619 1490 partes
1653 1421 1808 1474 XXX
1902 1482 1906 1485 ,

133 1496 385 1548 extendit.
447 1495 551 1547 Est
583 1498 763 1547 autem
795 1496 953 1548 cardo
984 1496 1193 1564 primus
1234 1499 1288 1548 et
1321 1495 1492 1548 totius
1527 1496 1809 1566 geniturae

133 1586 395 1639 compago
435 1573 596 1638 atque
636 1569 958 1621 substantia.

280 1641 553 1695 Secundus
600 1643 667 1695 ab
714 1643 1015 1712 horoscopo
1063 1643 1214 1696 locus
1264 1642 1323 1695 in
1369 1643 1601 1696 secundo
1651 1642 1860 1713 signo3

133 1717 483 1769 constituitur
513 1720 568 1769 et
600 1716 796 1785 accipit
826 1717 1041 1769 initium
1081 1735 1113 1769 a
1143 1716 1310 1770 XXX.
1334 1717 1622 1786 horoscopi
1654 1721 1808 1786 parte

66 1814 110 1846 20
133 1794 187 1843 et
225 1791 364 1843 vires
404 1809 527 1843 suas
565 1809 662 1860 per
700 1790 855 1843 XXX
892 1791 1132 1843 residuas
1173 1794 1354 1859 partes
1395 1791 1654 1844 extendit.
1724 1790 1810 1843 Ex

132 1865 236 1917 hoc
275 1864 430 1934 signo
470 1869 583 1934 spei
631 1883 692 1918 ac
730 1864 1088 1933 possessionis
1126 1864 1459 1918 incrementa
1496 1868 1808 1918 noscuntur.

133 1938 238 1991 Est
276 1942 451 1991 autem
489 1939 644 2008 piger
682 1938 831 1991 locus
872 1939 938 1991 ab
979 1939 1279 2007 horoscopo
1319 1939 1550 2005 alienus3
1591 1938 1711 1991 ideo
1751 1942 1806 1990 et

135 2011 342 2064 inferna
388 2013 690 2082 appellatur
729 2016 929 2082 porta,
955 2012 1096 2081 quod
1143 2012 1292 2064 nulla
1339 2030 1461 2065 cum
1506 2012 1808 2080 horoscopo

135 2085 432 2138 radiatione
472 2086 831 2158 coniungitur.

70 2180 112 2214 25
282 2159 494 2212 Tertius
547 2161 697 2213 locus
752 2163 856 2228 est,
911 2159 1004 2228 qui
1058 2159 1114 2212 in
1167 2158 1330 2212 tertio
1385 2159 1453 2211 ab
1507 2158 1864 2228 horoscopo4

138 2232 293 2302 signo
334 2231 697 2303 constituitur,
742 2234 833 2302 qui
873 2252 905 2285 a
942 2231 1051 2285 LX.
1091 2234 1158 2285 ab
1197 2233 1500 2301 horoscopo
1539 2237 1694 2301 parte
1735 2233 1813 2285 in-

136 2306 294 2359 itium
335 2307 599 2376 accipiens
638 2308 695 2360 in
732 2305 842 2360 XC.
882 2306 1094 2360 desinit.
1169 2306 1254 2359 Ex
1291 2307 1394 2359 hoc
1431 2306 1552 2360 loco
1604 2307 1667 2359 de
1706 2306 1810 2358 fra-

137 2379 312 2432 tribus
358 2384 412 2432 et
459 2381 523 2433 de
563 2382 748 2434 amicis
789 2383 981 2434 cuncta
1027 2380 1278 2433 dicemus,
1355 2379 1496 2433 Huic
1535 2381 1655 2433 loco
1696 2379 1813 2433 Dea

290 2559 311 2598 1
343 2555 487 2614 malo]
525 2555 674 2599 malus
713 2559 770 2597 P*
918 2559 944 2596 6
983 2555 1117 2598 inser.
1156 2555 1236 2598 hoc
1274 2555 1367 2599 loco
1397 2558 1434 2597 V
1474 2555 1548 2610 (cf.
1587 2554 1815 2609 indicem),

141 2619 245 2658 amte
266 2613 446 2658 Primus
477 2629 517 2658 v.
535 2619 591 2658 11
616 2619 717 2668 PB,
748 2614 828 2670 qui
850 2614 923 2657 hic
939 2614 1254 2669 praemittwnt:
1281 2612 1561 2670 significatio
1584 2612 1671 2655 ΧΠ
1691 2611 1834 2665 loco<

140 2686 242 2716 rum
273 2675 321 2716 et
350 2673 464 2729 quid
500 2673 645 2730 (quod
674 2675 752 2727 Ba)
790 2671 840 2714 in
870 2685 962 2728 quo
992 2671 1095 2716 loco
1134 2671 1267 2739 queri
1298 2672 1470 2716 debeat
1524 2673 1531 2729 1
1586 2672 1644 2726 cf.
1678 2671 1814 2714 Paul.

142 2731 216 2776 Al.
248 2733 284 2775 I
300 2735 330 2775 4
372 2764 374 2766 ψ
435 2737 488 2775 11
520 2733 603 2776 del.
637 2733 767 2785 Sittl;
791 2732 941 2786 possis
970 2730 1098 2775 locus
1129 2730 1179 2774 in
1208 2730 1293 2774 1lla
1321 2733 1456 2788 parte
1487 2731 1607 2785 (fort.
1639 2728 1815 2786 primus

143 2789 254 2849 [est]
283 2789 412 2834 locus
446 2827 455 2835 .
483 2827 492 2836 .
520 2828 528 2835 .
561 2789 877 2846 constituitur)
932 2791 938 2846 Ι
995 2803 1102 2846 quo,
1132 2804 1243 2834 corr.
1276 2788 1325 2833 A'
1451 2794 1503 2833 17
1537 2801 1748 2845 conpago
1776 2792 1817 2830 B

146 2852 200 2892 18
231 2848 364 2907 signo
396 2850 521 2908 Sittl]
551 2849 654 2894 loco
794 2854 847 2892 19
879 2849 1072 2904 boroso„
1102 2850 1223 2893 wude
1252 2849 1440 2893 edebant
1470 2847 1531 2891 ab
1561 2847 1816 2904 horoscopo

146 2910 202 2950 22
219 2907 336 2967 (et)
354 2908 414 2951 ab
431 2926 460 2952 κ
535 2914 590 2953 23
606 2908 838 2965 apellatur
849 2912 973 2950 PBV
1049 2913 1105 2952 25
1122 2921 1212 2963 que
1227 2912 1307 2950 PB
1330 2913 1371 2952 et
1390 2921 1464 2951 πυ.
1480 2910 1519 2948 V
1592 2910 1648 2950 28
1664 2905 1768 2950 loca
1783 2910 1817 2948 P
