2014 3202
809 129 855 173 H
876 133 947 185 29,
971 141 1109 174 7—11.
1721 127 1791 180 81

120 254 340 308 natione
395 250 747 322 compositae3
801 252 856 302 et
909 249 987 302 sic
1042 249 1223 302 omnia
1277 248 1386 301 ista
1438 247 1797 301 mixturarum

122 328 333 381 ratione
373 326 723 395 complentur.
801 322 951 386 Quod
994 340 1117 376 cum
1153 322 1367 391 feceriS,
1413 323 1618 392 omnia,
1657 341 1794 392 quae

123 403 181 455 in
232 401 362 455 fatis
413 398 692 452 hominum
746 400 1099 466 quaeruntur,
1151 396 1407 450 facillime
1460 397 1665 465 poteris
1718 396 1797 449 in-

124 476 319 530 venire.
380 473 484 527 Est
514 475 695 525 autem
718 470 859 524 ratio
890 471 1024 523 haec
1055 470 1230 523 latens
1263 468 1617 523 antisciorum
1645 474 1798 523 natu-

83 572 105 604 5
127 549 231 603 rali
275 550 488 602 firmata
535 563 821 615 consensu3
875 563 1038 614 quam
1082 544 1348 597 rationem
1387 544 1507 608 *alio
1554 547 1797 614 tempore

128 622 392 692 explicare
433 620 647 674 curabo.

275 696 548 758 Quantum
587 696 770 746 autem
809 692 1162 746 antisciorum
1200 692 1282 745 vis
1320 692 1498 745 valeat
1544 695 1600 745 et
1638 711 1800 762 quan·
1820 693 1890 747 10

127 774 245 823 tum
269 768 622 822 antisciorum
646 767 787 820 ratio
813 770 1078 836 operetur,
1110 785 1175 819 ex
1197 765 1299 819 hac
1323 767 1575 836 genitura
1598 767 1801 820 discere

128 843 348 914 poteriS,
389 861 550 912 quam
589 841 829 894 subicere
870 841 1193 893 curabimus,
1259 840 1330 909 Is,
1369 840 1426 892 in
1465 840 1614 894 cuius
1653 841 1803 911 geni-

0 926 1 972 }
65 941 108 972 ιο
131 922 255 970 tura
296 916 389 970 Sol
427 915 533 968 fuit
570 915 627 967 in
663 913 950 984 Piscibus,
984 914 1134 967 Luna
1171 916 1228 967 in
1267 913 1497 983 Canem,
1538 913 1802 968 Saturnus

130 993 187 1044 in
225 990 475 1060 Virgine,
527 989 774 1073 Iuppiter
818 989 876 1041 in
921 957 1167 1041 Piscibus
1213 987 1272 1040 in
1317 958 1501 1042 eadeni
1545 992 1701 1058 parte
1746 989 1805 1042 in

133 1084 240 1135 qua
272 1064 381 1132 Sol,
421 1063 568 1117 Mars
599 1065 658 1115 in
687 1063 946 1132 AquariO,
976 1062 1208 1115 Venus
1192 1081 1249 1115 1n
1281 1061 1476 1131 Tauro,
1506 1061 1804 1117 Mercurius

132 1140 191 1192 in
219 1138 460 1208 Aquario
499 1138 670 1190 isdem
710 1155 829 1190 cum
862 1135 1036 1188 Marte
1075 1137 1338 1205 partibus,
1376 1136 1711 1220 horoscopus
1748 1137 1808 1190 in

139 1212 453 1281 Scorpione,
500 1212 613 1264 eius
660 1211 939 1281 geniturae
984 1213 1139 1278 pater
1184 1214 1310 1279 post
1355 1211 1630 1280 geminum
1669 1211 1809 1264 ordi-

69 1307 112 1340 15
134 1287 348 1340 narium
389 1285 727 1338 consulatum
765 1284 822 1336 in
860 1284 1080 1336 exilium
1119 1284 1277 1337 datus
1317 1287 1421 1354 est,
1468 1285 1559 1338 sed
1599 1288 1653 1338 et
1690 1285 1807 1354 ipse

138 1360 208 1414 ob
263 1358 513 1412 adulterii
566 1359 768 1411 crimen
820 1359 875 1410 in
930 1358 1149 1410 exilium
1204 1359 1361 1411 datus
1419 1361 1474 1411 et
1528 1358 1590 1410 de
1645 1359 1808 1412 exilio

137 1437 323 1502 raptus
363 1434 420 1485 in
452 1431 976 1485 administrationem
1008 1430 1330 1501 Campaniae
1370 1432 1605 1501 primum
1644 1432 1810 1485 desti-

137 1512 299 1560 natus
345 1512 450 1575 est,
498 1506 685 1559 deinde
724 1506 961 1558 Achaiae
1007 1506 1483 1574 proconsulatum„
1518 1509 1646 1575 post
1682 1525 1809 1559 vero

140 1582 206 1634 ad
238 1581 400 1633 Asiae
439 1579 882 1648 proconsulatum
919 1582 974 1630 et
1011 1579 1406 1648 praefecturam
1437 1580 1560 1632 urbi
1590 1579 1811 1633 Romae.

72 1677 116 1708 20
138 1653 470 1723 Quicumque
508 1653 812 1720 hominum,
858 1652 1209 1706 antisciorum
1246 1653 1489 1706 nesciens
1529 1654 1812 1721 rationem,
1834 1655 1900 1708 11

140 1730 186 1781 si
218 1728 398 1782 Solem
429 1746 552 1780 cum
582 1727 707 1780 Iove
738 1726 910 1780 isdem
940 1727 1189 1796 partibus
1225 1728 1282 1780 in
1314 1727 1380 1780 V.
1412 1728 1479 1780 ab
1511 1727 1812 1798 horoscopo

138 1803 257 1855 loco
297 1802 351 1854 id
384 1806 467 1855 est
504 1802 563 1854 in
592 1800 747 1854 Bona
776 1800 1011 1869 fortuna,
1049 1802 1218 1870 †inde
1258 1801 1423 1854 etiam
1454 1801 1598 1855 Iovis
1630 1802 1814 1855 Iovem

141 1877 227 1930 cui
281 1875 565 1944 dederit†,
618 1879 830 1944 patrem
882 1875 1104 1928 beatum
1157 1875 1370 1928 felicem
1422 1879 1700 1944 potentem
1760 1880 1816 1928 et

143 1953 323 2002 cetera
363 1950 426 2002 de
456 1949 575 2018 ipso
606 1947 978 2002 huiuscemodi
1014 1949 1353 2018 pronuntiat3
1392 1949 1456 2002 de
1488 1950 1649 2002 exilio
1688 1967 1815 2002 vero

77 2044 121 2077 25
145 2023 258 2076 eius
299 2027 354 2075 et
385 2023 622 2076 adsiduis
653 2022 863 2076 insidiis
903 2021 1040 2075 nihil
1070 2022 1275 2092 poterit
1303 2022 1672 2091 pronuntiare,
1708 2022 1818 2076 nisi

296 2158 316 2196 1
351 2153 546 2196 istarum
578 2157 613 2202 Q.
725 2158 750 2195 2
782 2151 1057 2207 radiatione‚
1089 2166 1201 2197 corr.
1234 2167 1261 2196 σ
1287 2154 1292 2210 l
1314 2159 1418 2209 post
1449 2153 1739 2210 complentur
1767 2154 1820 2197 in

145 2217 253 2266 ΠΡ,
287 2218 390 2256 ante
422 2214 469 2255 et
500 2212 564 2255 sic
594 2213 647 2255 in
683 2217 721 2254 Β
751 2213 950 2268 spatium
980 2225 1171 2255 vacuum
1196 2219 1382 2267 propter
1411 2213 1613 2256 tabulam
1640 2213 1647 2269 1
1674 2212 1820 2269 quod-

147 2285 342 2328 cumque
373 2275 495 2319 PQB.
615 2275 640 2315 6
676 2285 772 2314 non
801 2271 1044 2326 emplicavit
1071 2271 1143 2314 his
1173 2272 1351 2326 quide-m
1383 2272 1512 2315 libris
1631 2276 1657 2314 9
1690 2285 1820 2315 cura-

147 2330 299 2374 bimus
331 2344 412 2374 om.
445 2335 483 2373 V
513 2331 569 2384 cf.
597 2334 672 2384 83,
695 2341 738 2371 2⁵
780 2331 785 2387 Ι
827 2329 887 2388 is]
922 2328 971 2371 in
1004 2333 1039 2377 Q
1079 2330 1086 2386 1
1126 2330 1338 2386 yenitura
1375 2336 1437 2374 est
1477 2330 1652 2375 Ceionii
1691 2331 1822 2386 Rufii

147 2390 347 2434 Albini
377 2403 460 2434 cos.
486 2405 528 2433 α.
548 2393 651 2445 335,
669 2390 818 2445 praef.
836 2389 941 2432 urbi
965 2403 994 2430 a
1014 2391 1086 2431 30.
1103 2388 1212 2433 Dec.
1230 2392 1320 2433 335
1336 2403 1475 2446 usque
1498 2391 1560 2434 ad
1584 2394 1654 2434 10.
1674 2390 1819 2433 Mart.

150 2452 255 2503 337,
285 2449 416 2492 euius
432 2454 566 2504 pater
590 2448 636 2493 0.
658 2449 867 2493 Ceionius
886 2448 1055 2501 Rufius
1078 2447 1419 2493 Volusianus
1441 2463 1524 2494 cos.
1549 2450 1643 2504 fuit
1666 2464 1707 2492 α.
1734 2452 1820 2492 311

150 2513 192 2552 et
221 2511 309 2552 314
342 2508 614 2562 (BIommsen
645 2508 801 2552 Herm.
829 2510 907 2561 29,
929 2509 1015 2561 468)
1139 2511 1194 2551 14
1226 2521 1357 2564 scorp
1387 2512 1519 2551 11²3
1546 2510 1551 2564 Ι
1579 2507 1823 2564 geniturae

150 2567 209 2621 cf.
240 2567 316 2610 VI
338 2568 373 2621 f.
399 2567 661 2610 LXXXII
684 2568 763 2611 col.
787 2570 817 2610 4
846 2568 941 2609 ima
994 2565 1097 2608 VII
1111 2566 1145 2620 f.
1179 2566 1360 2611 XCIII
1390 2568 1469 2610 col.
1496 2571 1524 2610 4
1554 2568 1618 2609 in.
1660 2566 1830 2610 XCIV

153 2626 232 2669 col.
250 2629 279 2669 4
301 2626 411 2669 med
506 2630 560 2668 15
593 2628 665 2669 est
696 2628 744 2669 et
774 2625 830 2668 de
863 2623 1002 2668 exilio
1024 2627 1236 2681 receptus
1262 2630 1297 2674 Q
1389 2631 1442 2669 16
1475 2625 1649 2668 crimen
1679 2639 1761 2668 om.
1785 2629 1824 2666 V

156 2689 209 2728 17
243 2683 435 2727 ammin-
467 2688 503 2732 Q.
652 2689 706 2728 18
740 2683 870 2744 (ad)
900 2682 1107 2727 Achaiae
1129 2701 1157 2727 κ
1307 2689 1361 2728 23
1401 2686 1454 2728 in
1484 2685 1690 2728 extremis
1720 2684 1827 2727 latet

90 2786 93 2788 ,
154 2742 324 2786 viderit
355 2758 399 2798 σς
432 2744 519 2809 loci
540 2745 694 2799 patris
724 2745 755 2786 i.
780 2758 813 2787 e.
837 2741 969 2786 IMC
996 2742 1219 2799 (Aquarii
1247 2744 1531 2788 mentitionem
1552 2744 1654 2797 fieri
1669 2747 1828 2798 putes,-

132 2803 299 2856 possis
349 2803 398 2845 et
449 2801 499 2845 in
552 2801 779 2846 diametro
831 2800 949 2845 Iovis
996 2801 1247 2845 Saturnum
1297 2801 1468 2846 viderit
1521 2802 1578 2856 cf.
1620 2802 1826 2846 Maneth

158 2860 250 2903 HI
273 2863 365 2904 136
392 2878 421 2904 κ
459 2862 465 2918 Ι
505 2863 688 2918 partem
717 2865 863 2909 Pam
980 2865 1037 2903 24
1067 2860 1412 2905 huiusscemodi
1441 2866 1475 2903 P
1507 2861 1641 2917 (idem
1671 2865 1742 2916 83
1769 2865 1829 2915 19)

160 2921 217 2961 25
248 2918 394 2962 assuis
424 2924 470 2962 1
495 2921 502 2977 Ι
528 2919 725 2963 insiduis
755 2919 805 2962 in
836 2918 962 2962 sidus
995 2923 1031 2967 0,

248 2999 455 3043 mecus,
478 3002 534 3034 ed.
558 3002 695 3034 Kroll
718 3005 756 3034 et
781 3002 995 3034 Skutsch.
1034 3002 1066 3034 Ι.
1539 2998 1574 3035 6
