2014 3202
860 115 882 159 Ι
907 120 976 173 10,
999 129 1136 161 8—13.
1765 117 1833 168 37

164 240 227 292 de
282 257 557 292 comarum
610 237 849 291 crinibus
896 237 1094 303 dicam,
1148 238 1213 290 ad
1269 255 1401 307 quas
1453 236 1634 290 varius
1690 238 1837 290 color

161 313 396 366 latenter
433 310 667 380 inrepit?
722 310 850 380 quid
889 311 970 363 de
989 279 1266 364 oculorum
1306 311 1440 380 acie,
1488 312 1579 379 qui
1626 330 1838 395 semper

163 386 386 440 diversis
447 385 741 438 luminibus
808 385 1154 437 colorantur?
1230 385 1370 438 Ecce
1432 403 1659 453 corpora
1719 386 1838 454 ipsa

164 462 329 513 etiam
358 460 417 512 in
446 458 557 511 illis
590 458 842 528 gentibus
884 462 937 510 et
970 459 1160 511 ceteris
1194 458 1441 511 omnibus
1480 477 1622 511 nunc
1659 459 1836 528 longa,

122 555 141 587 5
164 553 305 587 nunc
342 551 510 602 parva
547 536 694 600 sunt,
739 550 881 585 nunc
927 533 1078 584 tenui
1126 533 1365 585 exilitate
1409 531 1651 601 suptili-a,
1696 551 1837 585 nunc

166 607 331 661 obesa
369 607 723 660 crassitudine
762 606 982 675 latiora3
1022 607 1160 658 unde
1201 605 1501 659 manifestis
1535 605 1837 658 rationibus

165 681 547 750 comprobatur
591 698 847 732 zonarum
904 680 1118 748 quidem
1170 699 1305 749 esse,
1360 680 1502 749 quod
1555 680 1700 750 nigri
1753 680 1838 732 vel

73 783 77 788 ·
164 755 375 807 candidi
429 757 576 820 sunt,
632 754 911 806 stellarum
964 773 1114 823 vero,
1177 755 1318 823 quod
1373 755 1430 806 in
1482 754 1577 806 illa
1629 753 1838 806 unitate

163 829 359 882 coloris
406 827 748 880 dissimilium
804 828 1099 880 formarum
1145 827 1498 880 varietatibus
1556 846 1839 896 corporan-

100 924 141 955 ιο
160 905 267 955 tur.
329 901 410 955 De
441 902 683 954 moribus
722 920 848 954 vero
889 903 1134 971 gentium
1175 920 1502 971 supervacua
1541 901 1836 970 disputatio
1859 903 1927 955 12

166 981 272 1046 est;
317 995 441 1028 nam
483 980 537 1028 et
574 975 809 1028 Asianos
848 976 1113 1044 plurimos
1154 976 1416 1044 videmus,
1460 975 1626 1028 immo
1672 994 1840 1044 paene

166 1068 351 1103 omnes
392 1050 703 1102 sobrietatis
735 1048 971 1118 insignia
1002 1049 1382 1118 praeferenteS,
1421 1053 1476 1102 01
1513 1048 1841 1102 Graecorum

165 1124 358 1176 levitas
390 1123 699 1192 frequenter
729 1124 1003 1176 modestae
1044 1124 1330 1193 gravitatis
1368 1123 1576 1192 pondus
1621 1123 1841 1192 accepit,

166 1201 221 1250 et
254 1197 514 1250 effrenata
547 1194 870 1265 Scytharum
904 1197 1080 1249 rabies
1121 1215 1456 1266 quacumque
1487 1197 1840 1250 humanitatis

100 1292 140 1324 15
166 1271 453 1324 clementia
491 1270 795 1340 mitigatur,
844 1273 898 1322 et
935 1272 990 1322 in
1029 1271 1227 1323 finibus
1269 1270 1569 1323 Galliarum
1607 1271 1840 1339 populus

167 1345 462 1413 sapientiae
494 1345 780 1412 prudentia
812 1345 1154 1412 convalescit,
1191 1343 1552 1412 Afrorumque
1586 1345 1839 1396 subdolas

165 1420 372 1470 mentes
422 1418 679 1470 honestae
727 1417 852 1469 fidei
901 1422 1216 1470 ornamenta
1270 1418 1650 1487 condecorant,
1701 1421 1756 1470 et
1809 1437 1840 1470 a

163 1492 412 1561 plurimis
453 1490 712 1559 Hispanis
753 1491 1041 1543 iactantiae
1087 1491 1222 1544 vitia
1268 1492 1607 1559 deseruntur,
1653 1495 1707 1544 et
1747 1489 1841 1560 Sy-

165 1583 349 1617 rorum
389 1564 671 1617 avaritiam
711 1564 943 1616 mutavit
982 1566 1261 1633 repentina
1299 1565 1565 1634 profusi03
1609 1583 1721 1618 non
1758 1568 1842 1618 est

99 1660 142 1691 20
165 1640 308 1691 inter
346 1639 472 1691 illos
513 1643 699 1691 acutos
742 1637 952 1692 Siculos
993 1640 1191 1692 stultos
1229 1639 1467 1692 invenire
1507 1639 1749 1707 difficile,
1787 1643 1842 1691 et

166 1713 233 1764 ab
288 1711 445 1764 Italis
499 1712 810 1780 frequenter
871 1713 1254 1765 dominationis
1300 1712 1527 1782 imperia
1580 1714 1843 1765 translata

165 1789 305 1838 sunt.
367 1784 482 1838 Nec
521 1786 682 1838 huius
721 1787 799 1838 rei
837 1787 998 1857 longe
1038 1788 1141 1839 tibi
1180 1790 1274 1840 aut
1312 1805 1376 1839 ex
1412 1785 1647 1855 antiquis
1687 1786 1842 1839 libris
1861 1787 1930 1840 13

165 1859 500 1928 proferemus
541 1860 805 1928 exempla:
854 1861 1100 1913 dominus
1142 1866 1196 1913 et
1234 1862 1518 1930 Augustus
1557 1865 1741 1913 noster
1780 1879 1842 1913 ac

137 1934 336 1986 ’1011118
385 1933 532 1986 orbis
579 1937 874 2002 imperator
926 1936 1048 2003 pius
1095 1935 1223 1987 felix
1270 1935 1526 2004 providus
1578 1935 1842 2002 princeps,

102 2027 143 2060 25
169 2006 560 2060 Constantinus
607 2006 814 2060 scilicet
852 2009 1118 2070 maximus
1165 2008 1275 2060 divi
1315 2007 1660 2061 Constantini
1697 2008 1841 2060 filius

169 2086 431 2150 augustae
479 2099 540 2133 ac
585 2081 914 2134 venerandae
961 2082 1251 2134 memoriae
1297 2080 1579 2151 principis,
1634 2081 1725 2150 qui
1775 2082 1840 2134 ad

167 2154 504 2207 liberandum
560 2156 745 2208 orbem
799 2156 1096 2224 tyrannicis
1151 2155 1611 2207 moderationibus
1668 2158 1722 2207 et
1775 2155 1842 2207 ad

170 2228 571 2296 comprimenda
615 2225 911 2282 domestica
957 2230 1099 2281 mala
1146 2229 1330 2281 favore
1383 2229 1632 2297 propriae
1682 2229 1841 2281 maie-

169 2302 329 2354 statis
377 2303 579 2355 electus
627 2307 734 2372 est,
784 2307 847 2355 ut
895 2321 990 2371 per
1034 2303 1214 2371 ipsum
1261 2304 1537 2354 servitutis
1593 2302 1841 2371 squalore

101 2395 144 2428 30
167 2376 379 2428 deterso
430 2393 646 2428 securae
691 2376 852 2428 nobis
901 2376 1172 2428 libertatis
1227 2393 1448 2428 munera
1493 2376 1841 2428 redderentur

165 2452 332 2518 utque
373 2448 704 2518 captivitatis
742 2451 872 2519 iuga
909 2449 1158 2520 fatigatis
1196 2449 1306 2502 iam
1343 2453 1398 2502 et
1430 2451 1701 2518 oppressis
1734 2468 1839 2502 cer-

164 2523 373 2575 vicibus
412 2541 746 2591 poneremus,
787 2542 945 2592 quem
984 2542 1081 2592 pro
1119 2527 1307 2576 nostra
1346 2542 1556 2592 semper
1587 2524 1839 2575 libertate

314 2671 340 2710 3
372 2666 465 2710 ista
497 2671 554 2715 0,ss
660 2673 688 2711 4
718 2667 821 2711 istis
853 2683 895 2724 g.
930 2670 977 2711 01
1006 2666 1102 2710 11118
1134 2672 1169 2716 Q,
1195 2670 1201 2725 Ι
1227 2667 1343 2726 11118]
1377 2666 1510 2711 Italis
1542 2684 1568 2710 κ
1675 2672 1701 2709 5
1733 2666 1839 2709 sub-

165 2724 271 2768 tilia
300 2723 415 2773 HbQ
549 2731 575 2770 6
607 2726 879 2770 manifestas
909 2730 967 2768 1³³
1095 2731 1126 2780 ⁷9
1157 2729 1475 2783 temperantur
1505 2743 1531 2770 κ
1661 2729 1715 2767 10
1748 2724 1839 2768 dis-

166 2783 353 2840 positio,
385 2798 497 2828 corr
530 2783 580 2827 A'
675 2791 730 2829 14
762 2787 995 2841 scytarum
1025 2789 1098 2828 PR
1128 2785 1348 2829 scitarum
1379 2789 1414 2833 Q.
1504 2789 1558 2828 16
1591 2786 1839 2827 astrorum-

167 2855 256 2898 que
293 2847 396 2885 PR»a
434 2843 532 2900 (ubi
568 2858 619 2887 ro
656 2847 731 2900 88)
771 2851 810 2888 et
848 2848 882 2892 Q
1031 2848 1086 2887 18
1123 2844 1347 2901 hyspanis
1386 2848 1419 2885 P
1476 2846 1481 2899 Ι
1540 2843 1759 2886 deserunt
1794 2847 1839 2885 Π

169 2904 224 2944 20
257 2904 416 2945 acutos
448 2906 516 2944 1⁸
548 2901 738 2947 auidos?
770 2902 838 2944 Hb
959 2907 1012 2946 27
1045 2902 1288 2947 tirannicis
1321 2907 1356 2950 Q,
