2014 3202
182 101 290 153 222
904 100 1130 145 ῈΙΒΜῚΟΙ

131 221 503 276 6biothanati.
583 219 639 273 Si
678 239 803 273 vero
853 240 883 273 a
921 220 1130 274 Venere
1180 221 1416 274 defluens
1455 222 1664 274 minuta
1700 222 1855 274 lumi-

179 294 338 348 nibus
378 313 473 362 per
513 294 653 346 diem
699 294 765 346 ad
807 293 1101 348 Saturnum
1147 295 1375 365 feratur
1421 295 1582 348 faciet
1627 294 1854 348 vitiosos
1913 309 1916 313 ’

181 372 235 420 31
274 368 475 420 debiles
525 371 579 419 et
619 386 753 435 quos
801 369 1071 438 malignus
1121 387 1331 436 semper
1378 369 1574 422 humor
1611 369 1856 439 infestet3

180 443 322 494 circa
362 460 555 510 aquam
594 444 778 493 tamen
817 442 968 494 dabit
1007 445 1174 511 actus,
1215 443 1307 495 sed
1339 443 1430 511 qui
1463 443 1672 495 miseris
1704 443 1856 495 labo-

179 534 298 567 rum
339 515 833 567 continuationibus
881 509 1195 585 defatigant.
1273 516 1387 569 Aut
1434 517 1576 569 enim
1623 535 1687 569 ex
1726 516 1852 569 altis
1900 539 1922 571 5

178 588 358 657 puteis
406 588 674 641 cotidiano
726 606 883 657 opere
933 607 1129 657 aquam
1175 590 1349 642 levare
1389 593 1655 660 coguntur
1692 590 1854 659 (aut)

174 664 429 715 iubentur
453 662 670 714 adsidue
701 661 922 715 lacunas
957 663 1272 732 cluacasque
1306 682 1538 734 purgare
1572 667 1664 716 aut
1696 667 1856 717 erunt

174 736 463 800 hortulani,
503 737 594 788 sed
619 736 817 804 miseri,
850 739 943 788 aut
966 741 1161 788 nautae
1189 740 1281 789 aut
1314 738 1523 808 aquarii
1556 741 1649 790 aut
1679 737 1852 806 pisca-

126 810 155 860 7
176 814 319 862 tores
374 813 466 862 aut
516 810 832 863 urinatores
913 808 1017 863 Sed
1065 810 1165 862 hos
1218 815 1370 863 actus
1423 813 1702 882 signorum
1751 811 1853 864 fre-

177 887 401 952 quenter
441 884 674 952 qualitas
710 887 907 952 mutat3
947 884 1111 937 faciet
1154 884 1297 937 enim
1339 885 1601 938 bubulcos
1645 903 1851 938 armen·
1878 907 1922 938 10

176 957 344 1010 tarios
392 957 639 1026 equarios
685 962 933 1026 pastores
982 961 1036 1010 et
1085 958 1178 1027 qui
1224 958 1590 1012 iumentorum
1637 959 1854 1012 stabula

174 1049 405 1101 purgare
446 1032 530 1084 vel
569 1032 824 1084 mundare
871 1031 1183 1101 iubeantur,
1235 1032 1643 1100 sepulchrorum
1689 1033 1853 1085 etiam

174 1105 307 1158 facit
344 1105 658 1174 plerumque
700 1107 946 1159 custodes
997 1109 1092 1158 aut
1132 1109 1275 1158 certe
1316 1106 1663 1174 pollinctores
1702 1106 1850 1175 facit,

176 1179 268 1248 qui
308 1179 734 1247 sepeliendorum
771 1179 1053 1232 hominum
1092 1197 1274 1232 curam
1307 1184 1621 1233 cunctorum
1653 1179 1851 1233 iudicio
1879 1202 1883 1207 ·

177 1271 544 1322 consensuque
593 1253 905 1322 suscipiant.
992 1252 1095 1306 Sed
1151 1253 1283 1306 haec
1329 1272 1428 1323 pro
1480 1254 1723 1307 locorum
1768 1254 1921 1307 vel15

177 1327 456 1396 signorum
503 1327 762 1379 varietate
811 1328 1075 1396 decernit,
1123 1328 1186 1379 de
1236 1346 1340 1396 qua
1385 1328 1645 1381 varietate
1692 1327 1855 1380 etiam

175 1399 231 1452 in
271 1400 390 1452 aliis
432 1401 912 1469 apotelesmatibus
951 1400 1263 1470 plenissime
1304 1401 1549 1454 diximus,

127 1473 158 1525 8
323 1473 374 1526 A
411 1473 649 1527 Venere
691 1474 865 1527 Luna
912 1476 985 1527 ad
1031 1475 1259 1528 Iovem.
1339 1474 1397 1528 Si
1445 1494 1477 1527 a
1515 1475 1723 1529 Venere
1772 1475 1856 1527 de·
1886 1490 1902 1526 1.

176 1547 347 1600 fluens
378 1546 530 1599 Luna
571 1548 635 1599 ad
669 1548 853 1601 Iovem
884 1549 1104 1617 feratur,
1143 1549 1307 1601 faciet
1341 1566 1568 1618 magnos
1601 1552 1850 1618 potentes

177 1624 231 1674 et
268 1620 493 1690 nobiles,
533 1621 842 1673 civitatibus
874 1623 1230 1691 praepositOS‚
1270 1623 1531 1690 quosdam
1562 1641 1689 1675 vero
1720 1622 1852 1674 facit
1878 1644 1920 1675 20

176 1695 441 1763 praesidio
466 1695 751 1747 mulierum
777 1695 1069 1761 sublevari3
1102 1699 1259 1748 erunt
1292 1714 1418 1748 sane
1453 1697 1596 1765 grati
1623 1695 1854 1762 venusti,

177 1772 334 1820 erunt
388 1771 568 1820 tamen
622 1771 890 1822 amatores
954 1737 1240 1821 mulierum
1297 1773 1351 1821 et
1405 1769 1496 1837 qui
1550 1764 1890 1822 venustatis

127 1842 355 1911 9gratia
387 1841 580 1909 omnia,
621 1860 753 1910 quae
787 1843 1106 1910 desiderant,
1146 1846 1558 1911 consequantur
1637 1841 1694 1895 Si
1725 1861 1852 1895 vero

177 1915 412 1967 defluens
460 1934 491 1967 a
529 1915 738 1968 Venere
789 1916 1000 1968 minuta
1046 1915 1247 1968 lumine
1296 1917 1362 1987 ad
1401 1915 1586 1969 Iovem
1632 1916 1852 1985 feratur,

178 1990 240 2041 de
281 1988 633 2042 muliebribus
673 1989 916 2058 personis
958 1990 1111 2042 dabit
1151 1988 1393 2042 subsidia
1435 1989 1758 2043 facultatum
1798 1993 1852 2043 et
1877 2011 1919 2044 25

177 2063 351 2115 reddit
405 2063 564 2129 taleS‚
618 2063 812 2131 quibus
861 2082 892 2115 a
939 2063 1115 2132 prima
1163 2067 1339 2116 aetate
1387 2063 1422 2131 <
1426 2063 1491 2132 a>
1538 2065 1851 2132 parentibus

177 2135 455 2189 felicitatis
515 2140 568 2189 et
625 2137 827 2207 gloriae
892 2138 1070 2207 gratia
1133 2138 1464 2206 conferatur3
1531 2138 1650 2190 aliis
1704 2138 1852 2190 here-

326 2359 351 2397 6
382 2356 529 2411 suppl.
561 2353 611 2396 A‘
764 2361 787 2398 7
822 2370 979 2412 0111133,
1011 2370 1123 2399 corr.
1157 2371 1186 2398 v
1215 2355 1414 2399 latrinas
1453 2356 1586 2400 VIII
1606 2356 1685 2411 fol.
1714 2355 1861 2399 CVII

177 2413 256 2457 col.
282 2417 310 2456 4
333 2414 427 2457 ima
453 2413 459 2471 Ι
487 2415 536 2456 31
558 2413 711 2456 clucas
735 2419 779 2456 M
811 2414 1043 2470 ducasque
1067 2420 1100 2457 P
1133 2414 1381 2470 clucasque
1404 2419 1441 2457 R
1533 2420 1572 2458 7.
1598 2419 1623 2458 8
1649 2413 1851 2457 ortulani

179 2474 314 2515 erunt
333 2477 379 2514 Μ
471 2477 524 2515 10
555 2475 750 2527 mutata,
782 2487 893 2518 corr.
920 2474 1026 2518 Sittl
1139 2478 1190 2516 11
1226 2473 1493 2530 equitarios,
1526 2487 1637 2517 corr.
1664 2490 1691 2516 κ
1723 2471 1851 2528 equi-

176 2531 332 2574 narius
365 2531 496 2574 VIII
518 2532 595 2586 fol.
625 2531 709 2574 GV
735 2533 813 2575 col.
839 2536 867 2575 4
891 2533 985 2576 ima
1106 2537 1159 2575 12
1193 2532 1517 2588 sepulchorum
1546 2536 1583 2574 B
1615 2530 1851 2588 sepulhro-

177 2605 279 2632 rum
309 2595 342 2631 P
466 2595 517 2633 13
550 2591 671 2633 certe
703 2590 749 2647 κ]
782 2589 877 2634 1313
905 2595 910 2648 Ι
937 2590 1221 2647 polinatores
1245 2596 1289 2634 M
1319 2590 1620 2647 pollinatores
1651 2595 1685 2632 P
1714 2589 1850 2646 polli-

178 2651 363 2702 natores
395 2653 431 2690 B.
582 2653 634 2692 15
666 2648 754 2692 hoc
783 2653 828 2690 M
979 2655 1032 2693 18
1066 2650 1210 2693 solem
1248 2654 1338 2693 MR
1487 2653 1542 2692 22
1575 2663 1638 2692 an
1676 2648 1851 2692 etiam?

180 2712 235 2749 23
269 2707 637 2751 desiderauerint
666 2711 710 2749 Μ
851 2712 907 2750 24
940 2722 968 2750 3
1005 2722 1095 2752 11311
1135 2708 1338 2752 defluens
1376 2712 1421 2750 Μ
1563 2712 1617 2750 25
1649 2707 1852 2750 mulieri-

178 2765 279 2821 bus,
312 2780 421 2810 corr.
458 2771 492 2814 Q.
519 2768 524 2823 Ι
545 2771 650 2822 Post
679 2765 890 2808 subsidia
920 2768 1003 2811 del.
1036 2767 1314 2810 feminarum
1343 2771 1388 2808 M
1508 2770 1562 2809 26
1596 2766 1762 2822 quibus
1797 2767 1850 2824 Q]

179 2825 353 2878 primus
382 2825 387 2882 Ι
417 2839 444 2867 3
475 2826 579 2868 add.
613 2829 648 2872 Q,
767 2829 819 2866 27
852 2825 1007 2880 gratia
1036 2827 1094 2884 R]
1125 2825 1277 2883 gloria
1299 2829 1343 2868 n
1374 2824 1528 2885 gratie
1551 2829 1584 2867 P
1612 2826 1617 2883 l
1646 2825 1852 2869 confera-

180 2884 257 2924 tur
288 2887 345 2930 Qa
354 2883 424 2941 A']
457 2885 799 2939 consequantur
828 2887 872 2925 M
904 2884 1200 2927 conferantur
1230 2889 1308 2927 PR
