2014 3202
222 136 326 188 112
896 175 903 181 .
938 134 1165 179 FIRMICI

136 257 202 310 18
368 256 432 308 In
451 256 655 308 decimo
673 255 792 308 loco
809 254 1053 325 Iuppiter
1070 256 1136 308 ab
1154 256 1454 324 horoscopo
1473 256 1816 322 constitutu8‚
1835 253 1892 308 id

222 332 304 382 est
335 329 391 381 in
419 328 535 382 MC.
563 327 835 397 partiliter
863 347 960 398 per
992 329 1149 398 diem,
1179 330 1520 398 publicorum
1550 329 1892 398 negotiorum
1922 339 1925 343 ’

220 403 385 456 faciet
416 403 703 472 principeS‚
741 401 904 455 faciet
935 403 1290 456 maximarum
1323 402 1678 470 (civitatum)
1710 402 1892 455 decem

220 477 425 546 primos
466 480 520 529 et
561 477 755 546 quibus
796 495 827 528 a
864 477 1064 545 populo
1096 477 1328 530 honores
1362 477 1581 529 maximi
1621 476 1892 529 conferan-

219 555 323 619 tur,
356 551 529 604 claros
563 553 617 602 et
651 550 742 619 qui
775 568 831 602 se
859 549 1028 602 velint
1060 569 1270 619 semper
1301 551 1478 619 gratia
1509 550 1890 603 ostentationis
1938 570 1958 603 ⁵

219 643 448 692 exerere,
481 624 573 676 sed
607 624 665 676 in
696 624 808 676 vita
837 624 1142 677 luxuriosos
1175 625 1365 677 reddit.
1427 623 1700 686 Quosdam
1729 624 1893 676 etiam

218 697 350 750 facit
375 716 695 768 magnorum
719 697 958 750 virorum
983 701 1077 750 aut
1101 698 1487 767 imperatorum
1511 697 1730 768 negotia
1758 701 1893 750 trac-

219 775 357 840 tare,
412 772 546 825 alios
601 790 696 840 per
742 775 917 824 totam
965 772 1134 824 vitam
1182 790 1334 824 suam
1379 773 1542 824 faciet
1593 774 1891 824 coronatos.

137 847 201 898 19
223 844 326 898 Sed
365 846 626 898 maximas
665 845 952 898 felicitates
993 845 1231 898 decernit
1269 846 1346 899 sic
1385 845 1617 914 posituS,
1658 846 1704 898 si
1742 845 1891 897 nulla

220 919 270 971 ei
315 919 571 973 malivola
618 920 776 972 stella
821 919 879 971 in
917 917 1062 972 IMG.
1108 919 1287 988 posita
1333 920 1610 972 restiterit.
1689 917 1890 981 Quodsi
1916 940 1958 972 ιο

221 993 298 1045 sic
335 993 516 1062 posito
548 993 675 1046 Iove
715 993 773 1045 in
802 992 922 1047 MC.
953 993 1206 1046 malivola
1243 994 1401 1045 stella
1433 993 1710 1061 restiterit,
1750 993 1892 1061 quic-

220 1066 345 1134 quid
394 1067 442 1119 ei
487 1067 546 1119 in
591 1067 767 1136 prima
812 1070 988 1120 aetate
1036 1067 1320 1137 dignitatis
1367 1067 1450 1120 vel
1496 1066 1763 1119 honorum
1808 1067 1891 1119 vel

219 1139 530 1194 divitiarum
578 1141 835 1194 collatum
881 1141 1068 1207 fuerit,
1114 1144 1292 1193 totum
1337 1141 1395 1193 in
1436 1141 1549 1194 vita
1595 1141 1891 1209 posteriore

219 1214 483 1267 minuitur
516 1234 577 1268 ac
609 1214 904 1284 dissipatur
936 1218 991 1267 et
1021 1214 1262 1267 funditus
1296 1215 1570 1281 evertitur,
1609 1213 1715 1266 nisi
1747 1233 1893 1268 occa-

220 1306 326 1357 suS‚
366 1288 419 1340 id
452 1293 536 1342 est
569 1290 829 1358 septimus
863 1289 930 1341 ab
962 1288 1264 1358 horoscopo
1294 1288 1461 1357 locuS‚
1493 1288 1714 1340 alterius
1747 1288 1890 1340 beni·
1915 1308 1956 1341 15

218 1361 371 1415 volae
398 1363 587 1416 stellae
611 1363 778 1416 fuerit
802 1363 1003 1415 lumine
1029 1363 1284 1415 munitus,
1329 1361 1385 1415 Si
1409 1380 1535 1415 vero
1560 1380 1655 1430 per
1676 1366 1893 1415 noctem

218 1435 276 1487 in
321 1436 525 1489 decimo
579 1437 699 1490 loeo
753 1437 917 1489 fuerit
964 1437 1315 1504 constitutuS‚
1369 1437 1625 1489 honestos
1679 1436 1890 1504 quidem

219 1510 460 1562 moribus
500 1510 648 1580 facit,
687 1511 779 1563 sed
811 1511 902 1579 qui
943 1511 1050 1563 cito
1084 1510 1345 1562 fallantur
1383 1514 1438 1562 et
1471 1527 1698 1579 quorum
1729 1510 1894 1578 patri-

220 1583 462 1635 monium
500 1583 771 1652 frequenti
810 1588 865 1636 et
904 1584 1012 1637 cita
1051 1584 1401 1651 dissipatione
1441 1583 1705 1651 depereat.

132 1658 204 1711 20
367 1656 431 1709 In
468 1657 750 1710 undecimo
790 1658 909 1710 loco
948 1655 1193 1726 Iuppiter
1239 1657 1304 1709 ab
1349 1657 1650 1724 horoscopo
1698 1656 1892 1709 consti·
1917 1678 1959 1709 20

220 1732 371 1782 tutus
413 1731 673 1783 maximas
713 1731 951 1783 decernit
990 1730 1274 1782 felicitates
1315 1734 1370 1782 et
1409 1747 1631 1796 magnas
1664 1730 1889 1782 notitias

219 1803 472 1874 largitur3
519 1806 612 1857 dat
658 1805 824 1857 etiam
866 1805 1101 1856 famosas
1141 1807 1460 1872 potestates„
1507 1803 1679 1855 fasces
1727 1804 1890 1856 etiam

221 1881 275 1929 et
322 1879 700 1946 proconsulare
748 1879 984 1931 decernit
1029 1878 1336 1946 imperium,
1384 1877 1430 1929 si
1475 1876 1565 1929 Sol
1613 1880 1666 1929 et
1708 1876 1889 1930 Venus

219 1951 363 2003 bona
395 1970 450 2004 se
483 1953 533 2004 ei
563 1952 861 2005 radiatione
894 1951 1223 2021 coniungant
1254 1954 1308 2003 et
1341 1951 1386 2003 si
1418 1949 1571 2002 Luna
1604 1952 1669 2003 ab
1704 1955 1888 2004 austro

219 2025 470 2078 recedens
501 2025 618 2078 Iovi
656 2027 712 2078 in
751 2025 1002 2094 aquilone
1043 2024 1340 2078 constituto
1379 2025 1539 2093 plena
1580 2043 1634 2076 se
1676 2025 1891 2077 coniun-
1915 2045 1956 2077 25

220 2099 386 2168 xerit,
424 2099 479 2151 id
517 2103 600 2152 est
639 2100 686 2152 si
724 2100 823 2152 tali
863 2099 929 2152 ad
969 2118 1090 2152 eum
1122 2117 1279 2151 cursu
1318 2097 1539 2167 feratur,
1579 2099 1794 2167 qualem
1831 2098 1890 2150 in

133 2175 200 2227 21
222 2172 408 2239 quinto
448 2174 567 2227 loco
601 2173 994 2242 descripsimus.
1058 2172 1375 2225 Minuuntur
1406 2175 1586 2224 autem
1617 2171 1747 2225 haec
1782 2190 1889 2224 om-

220 2245 312 2297 nia
350 2249 404 2299 et
442 2246 738 2300 efficaciam
778 2266 930 2300 suam
967 2247 1218 2317 perdunt,
1268 2246 1314 2298 si
1351 2245 1408 2297 in
1444 2249 1709 2298 nocturna
1746 2245 1892 2315 geni-

221 2322 345 2371 tura
399 2320 475 2372 sic
529 2321 692 2373 fuerit
746 2322 1087 2373 constitutus.
1164 2318 1221 2372 Si
1272 2337 1398 2372 vero
1448 2319 1591 2372 Mars
1647 2319 1723 2372 sic
1769 2317 1887 2370 Iovi

223 2393 518 2446 constituto
559 2395 860 2447 contrarius
906 2394 1071 2448 fuerit
1116 2394 1172 2446 in
1213 2396 1403 2446 octavo
1442 2393 1561 2445 loco
1606 2393 1884 2462 geniturae
1911 2413 1954 2446 30

221 2466 455 2534 positUS‚
503 2467 629 2534 <in>
668 2469 878 2538 magnis
923 2486 984 2521 ac
1024 2467 1333 2536 potentibus
1373 2465 1725 2518 felicitatibus
1766 2484 1887 2518 con-

223 2539 449 2592 stitutus
490 2544 544 2592 et
584 2541 830 2593 maximis
871 2542 1073 2595 divitiis
1122 2540 1297 2594 cultus
1319 2581 1477 2591 .....
1499 2543 1699 2606 totum,
1749 2538 1891 2606 quic-

371 2689 395 2727 3
423 2683 740 2741 maximorum,
766 2699 877 2730 corr.
904 2692 945 2731 et
965 2686 1112 2743 suppl.
1131 2698 1194 2729 κσ
1274 2690 1302 2728 4
1325 2682 1538 2736 maximis·
1561 2687 1598 2725 B.
1689 2687 1713 2725 5
1739 2684 1891 2725 osten-

220 2742 422 2787 tationes
447 2748 505 2786 1²⁸
587 2749 641 2788 10
664 2743 830 2800 posito,
856 2759 969 2790 corr.
993 2760 1023 2787 v
1108 2749 1158 2788 11
1184 2742 1288 2799 iffic,
1313 2756 1423 2787 corr.
1450 2757 1476 2783 a
1569 2746 1622 2784 16
1646 2739 1819 2784 lumine
1842 2742 1889 2799 κ]

223 2801 373 2845 omine
397 2807 487 2846 MV
518 2802 703 2847 homine
727 2807 804 2845 PR
895 2809 948 2846 21
984 2802 1171 2847 divitias
1194 2801 1242 2845 A'
1277 2807 1325 2846 at
1355 2802 1411 2855 cf.
1437 2801 1529 2843 III
1546 2803 1618 2853 12,
1646 2808 1663 2839 7
1754 2805 1807 2842 31
1841 2799 1891 2842 in

222 2861 327 2904 add.
359 2879 387 2906 κ
507 2867 562 2905 32
595 2863 677 2906 lac.
710 2863 868 2906 statuit
897 2879 924 2906 κ
959 2863 965 2920 Ι
994 2863 1142 2918 possis
1173 2859 1431 2905 cumulatus
1463 2860 1518 2914 cf.
1543 2861 1621 2914 28,
1647 2868 1691 2899 24
1720 2859 1773 2903 de
1805 2873 1889 2903 err.

222 2923 297 2973 90,
322 2933 362 2963 19
