2014 3202
840 122 904 167 ΠΙ
926 128 969 181 6,
995 135 1152 168 10-16,
1737 120 1840 173 147

311 245 375 298 In
424 245 654 314 septimo
693 244 812 297 loco
850 242 1034 296 Venus
1081 243 1148 295 ab
1194 242 1497 312 horoscopo
1546 243 1843 296 constituta
1863 242 1933 295 14

166 321 211 373 si
257 321 314 372 in
360 337 456 372 suo
504 319 658 388 signo
713 335 808 385 per
852 321 1069 370 noctem
1122 316 1287 369 fuerit
1331 317 1575 385 inventa,
1627 316 1840 370 felicem
1918 358 1922 368 x

163 393 339 447 reddit
393 395 748 459 senectutem,
803 391 1009 443 tardius
1067 394 1248 443 autem
1304 390 1455 443 dabit
1508 409 1732 443 uxorem
1786 394 1842 443 et

165 467 384 520 difficile
422 466 563 518 filios
603 465 843 518 decernit
882 464 975 533 eiS‚
1016 465 1109 533 qui
1149 464 1224 517 sic
1254 463 1544 517 habuerint
1578 463 1842 517 Venerem

122 562 142 596 5
164 541 413 611 positam.
474 538 663 592 Faciet
701 541 883 591 autem
922 538 985 590 de
1018 538 1442 611 rebus-veneriis
1483 538 1732 590 maximis
1764 538 1840 590 in-

165 615 344 668 famiis
398 614 711 666 laborantes
767 613 1058 666 secundum
1113 615 1360 665 naturam
1418 611 1839 681 qualitatemque

165 688 321 759 signi.
384 685 442 740 Si
481 687 624 739 enim
661 685 805 739 hunc
836 686 1015 739 locum
1049 686 1284 739 tenuerit
1321 687 1378 738 in
1409 685 1633 755 tropicis
1669 684 1838 755 signis

165 762 464 815 constituta
507 761 593 813 vel
634 761 936 828 squamosis
982 761 1067 813 vel
1116 759 1257 830 [aut]
1302 759 1547 813 erraticis
1557 803 1571 829 ,
1617 762 1671 812 et
1719 777 1839 812 cum

165 854 227 888 ea
265 835 412 887 Mars
451 834 618 887 fuerit
656 837 750 886 aut
792 852 846 886 se
878 833 962 886 illi
999 852 1095 903 per
1126 834 1451 886 diametrum
1490 836 1584 886 aut
1615 834 1677 886 de
1711 851 1838 901 qua-

97 930 139 963 10
163 910 316 962 drato
355 908 487 961 forti
526 908 826 961 radiatione
867 908 1229 977 coniunxerit,
1275 907 1408 960 facit
1446 907 1670 976 inpuros
1714 907 1840 959 libi-

163 983 381 1036 dinosos
442 981 686 1035 infameS.
762 980 820 1034 Si
872 999 998 1034 vero
1060 982 1137 1035 sic
1190 982 1428 1050 positam
1489 999 1611 1034 cum
1664 980 1838 1033 Marte
1858 981 1927 1036 15

159 1056 426 1110 Venerem
478 1055 536 1109 in
589 1055 700 1125 his,
752 1055 810 1108 in
864 1055 1058 1124 quibus
1114 1054 1346 1108 diximus
1357 1097 1369 1121 ,
1431 1054 1600 1125 signis
1656 1055 1839 1123 aliqua

164 1129 429 1184 Saturnus
462 1129 762 1182 radiatione
802 1130 1121 1198 respexerit,
1165 1129 1306 1181 idest
1349 1132 1443 1181 aut
1479 1147 1577 1197 per
1616 1129 1838 1198 quadra-

161 1208 280 1257 tum
301 1207 413 1256 Vaut
451 1221 548 1272 per
587 1203 909 1255 diametrum
957 1206 1051 1255 aut
1090 1201 1249 1255 simul
1287 1203 1521 1270 positus,
1569 1203 1837 1270 muliereS,

96 1298 139 1332 15
163 1295 298 1347 quae
338 1277 415 1330 sic
445 1276 735 1329 habuerint
765 1276 1033 1329 Venerem
1073 1295 1194 1330 cum
1227 1277 1330 1329 hac
1363 1277 1643 1329 stellarum
1675 1277 1838 1329 socie-

163 1355 292 1418 tate,
330 1351 519 1420 inpure
559 1354 614 1402 et
656 1350 905 1419 inpudice
947 1369 1069 1403 cum
1100 1350 1416 1403 mulielibus
1458 1350 1680 1403 coibunt
1712 1350 1837 1402 libi-

164 1426 303 1478 dinis
337 1443 511 1477 causa.
558 1419 668 1477 Sed
699 1424 833 1477 haec
863 1424 999 1476 vitia
1030 1427 1185 1476 erunt
1216 1423 1457 1491 fortiora,
1491 1422 1535 1475 si
1564 1423 1624 1476 in
1655 1421 1836 1492 Capri-

164 1516 326 1552 corno
350 1498 437 1551 vel
458 1497 644 1550 Ariete
668 1497 801 1551 haec
835 1516 890 1550 se
917 1498 1199 1550 stellarum
1222 1497 1459 1550 mixtura
1484 1496 1836 1550 coniunxerit.

309 1572 374 1624 In
413 1575 601 1625 octavo
633 1572 753 1624 loco
785 1570 970 1624 Venus
1009 1572 1076 1624 ab
1108 1571 1411 1640 horoscopo
1452 1572 1750 1624 constituta
1790 1572 1836 1624 si
1856 1573 1922 1626 16

80 1664 138 1700 ’πο
161 1645 341 1715 fuerit,
379 1646 437 1698 in
468 1645 659 1698 diurna
691 1643 898 1698 scilicet
930 1645 1195 1715 genitura,
1233 1645 1384 1698 tarde
1417 1645 1569 1698 dabit
1599 1663 1836 1714 uxorem,

162 1723 216 1772 et
255 1737 377 1772 cum
416 1719 638 1789 dederit,
676 1719 828 1771 dabit
867 1722 960 1771 aut
999 1719 1318 1789 degenerem
1355 1723 1449 1771 aut
1487 1719 1702 1771 viduam
1742 1723 1837 1772 aut
1882 1754 1885 1758 Δ

163 1793 402 1846 sterilem
435 1796 529 1846 aut
560 1792 714 1863 gravi
745 1792 1004 1846 foeditate
1037 1793 1346 1846 deformem.
1409 1791 1512 1845 Sed
1544 1796 1599 1845 et
1629 1793 1676 1845 si
1699 1792 1837 1846 Mer-

163 1866 340 1920 curius
375 1885 495 1919 cum
521 1885 583 1919 ea
605 1866 770 1932 fuerit
794 1866 922 1935 <et>
946 1867 1106 1919 simul
1130 1885 1252 1920 cum
1274 1865 1542 1919 Mercurio
1567 1866 1835 1919 Venerem

162 1940 221 1992 in
249 1940 352 1993 hoc
381 1940 502 1993 loco
534 1940 769 2009 positam
807 1940 1063 1993 malivola
1093 1941 1252 1993 stella
1281 1940 1578 2008 respexerit
1614 1941 1699 1993 vel
1738 1957 1836 2008 per

94 2034 136 2067 25
162 2014 482 2083 quadratum
519 2014 604 2066 vel
634 2033 731 2083 per
762 2012 1083 2066 diametrum
1121 2014 1206 2066 vel
1246 2013 1293 2065 si
1325 2032 1447 2066 cum
1476 2013 1608 2082 ipsis
1642 2014 1700 2065 in
1730 2013 1834 2066 hoc

159 2087 279 2140 loco
311 2086 476 2139 fuerit
512 2086 744 2156 inventa,
783 2106 939 2140 omne
972 2087 1102 2157 eiuS‚
1141 2087 1234 2155 qui
1262 2090 1423 2139 natus
1454 2086 1633 2156 fuerit,
1670 2088 1835 2156 patri·
1917 2082 1925 2088 ’

161 2161 400 2229 monium
438 2160 734 2230 dissipatur
770 2161 855 2213 vel
895 2129 1269 2229 qualicumque
1305 2161 1700 2229 proscriptione
1739 2180 1834 2214 nu-

160 2234 332 2287 datur.
395 2233 543 2286 Mors
567 2252 693 2287 vero
725 2234 807 2286 illi
837 2252 933 2302 per
957 2252 1328 2304 gonorroeam,
1360 2234 1499 2286 idest
1522 2253 1618 2303 per
1642 2235 1834 2288 defluc-

161 2308 365 2361 tionem
404 2306 647 2375 seminiS‚
687 2311 782 2360 aut
822 2308 1248 2360 contractionem
1289 2310 1383 2360 aut
1419 2326 1516 2376 per
1555 2326 1833 2377 spasmum

93 2402 138 2435 30
161 2385 255 2434 aut
301 2399 398 2450 per
444 2380 728 2450 apoplexin
773 2380 1020 2434 infertur.
1098 2379 1156 2434 Si
1199 2399 1327 2434 vero
1372 2400 1469 2451 per
1514 2386 1728 2435 noctem
1774 2382 1833 2434 in

307 2516 333 2554 5
365 2510 546 2554 ueneris
577 2515 710 2553 MPR
859 2515 884 2554 6
917 2509 1286 2570 equitatemque,
1317 2525 1430 2557 corr.
1462 2527 1492 2555 v
1642 2515 1666 2554 7
1699 2514 1833 2555 tenu-

161 2569 294 2625 erint,
327 2584 438 2615 corr
464 2569 512 2612 A'
606 2575 632 2613 8
666 2571 749 2613 aut
778 2583 861 2614 om.
885 2573 923 2611 V
1016 2573 1067 2612 11
1100 2583 1236 2615 merc.
1262 2573 1304 2628 (c
1328 2585 1384 2615 ex
1405 2573 1540 2628 t‘?)M
1632 2575 1686 2613 12
1720 2569 1830 2626 alia,

158 2642 270 2674 corr
302 2646 330 2673 κ
452 2632 505 2671 15
538 2630 677 2687 quae]
709 2627 790 2685 qui
828 2630 834 2684 Ι
871 2628 1067 2693 11311οΜ
1187 2634 1241 2673 16
1272 2645 1336 2673 an
1364 2629 1573 2686 impurae
1605 2631 1653 2672 et
1681 2628 1832 2685 impu-

161 2686 320 2733 dicae?
349 2689 356 2746 Ι
383 2689 432 2731 et
461 2701 543 2732 om.
576 2693 609 2730 P
716 2691 770 2730 18
802 2687 878 2730 uel
908 2686 959 2730 in
987 2691 1032 2730 n
1059 2690 1065 2743 Ι
1091 2689 1160 2746 siy
1159 2703 1226 2732 ‘na
1253 2694 1360 2734 sunt
1391 2689 1556 2745 ἀσελγῆ
1589 2688 1832 2732 Maximus

161 2749 268 2800 108,
289 2757 331 2787 25
355 2746 413 2791 L.
444 2747 502 2801 cf.
535 2747 662 2802 VIf.
688 2746 939 2790 LXXVc.
958 2747 1066 2790 3in.
1100 2747 1252 2802 VHf.
1277 2748 1502 2792 XCIXc.
1522 2750 1550 2790 3
1641 2751 1696 2789 20
1728 2746 1831 2790 (1111-

160 2781 299 2848 tunia
319 2809 364 2847 Μ
390 2807 397 2859 1
423 2805 645 2861 tardabit,
670 2820 780 2850 corr.
806 2803 855 2847 A'
948 2809 1003 2848 23
1029 2807 1076 2848 et
1099 2807 1204 2851 add
1229 2823 1256 2849 a
1348 2811 1404 2849 24
1426 2804 1697 2849 maliuolam
1719 2806 1827 2866 ΡΒΙ

163 2862 345 2907 stellam
374 2868 407 2906 P
521 2869 576 2907 28
606 2878 770 2921 mores,
800 2878 911 2908 corr.
944 2862 992 2906 A‘
1023 2865 1028 2921 Ι
1057 2864 1362 2910 defluxionem
1391 2869 1429 2907 V
1531 2869 1584 2908 29
1616 2878 1829 2921 pasmum

162 2924 252 2963 MV
341 2926 398 2966 30
425 2922 644 3001 poplexin
672 2928 710 2966 V
738 2926 743 2980 Ι
769 2922 945 2979 feritur,
974 2936 1087 2970 corr.
1116 2937 1145 2968 σ

1477 2999 1561 3040 102³
