2014 3202
205 143 310 195 134
879 182 884 186 t
920 143 1148 188 FIRMICI

200 263 364 316 variis
396 262 529 315 facit
563 263 848 333 generibus
882 265 1137 334 deperire,
1169 264 1289 334 <si>
1322 265 1379 317 in
1410 267 1560 317 sexto
1592 266 1712 319 loco
1747 265 1870 320 Sole
1906 329 1909 333 ,

198 337 380 406 posito
428 336 484 389 in
530 336 735 390 decimo
788 338 854 390 ab
901 338 1200 407 horoscopo
1247 340 1390 407 locO,
1442 338 1584 392 idest
1637 339 1694 392 in
1739 338 1872 409 MC„

197 411 348 463 nulla
402 410 559 463 stella
611 410 777 464 fuerit
830 411 1066 466 inventa..
1137 411 1280 466 Nam
1335 413 1382 465 si
1436 412 1492 465 in
1546 417 1696 466 sexto
1750 413 1869 467 loco

196 482 396 554 (Sole)
449 484 746 538 constituto
804 503 1166 555 quaecumque
1222 487 1381 540 stella
1442 486 1543 556 [in]
1605 487 1871 540 decimum

195 558 374 611 locum
411 556 560 611 ‘idest
598 557 714 611 MC.
760 560 1081 628 possederit,
1126 560 1288 613 faciet
1332 560 1628 629 locupletes
1676 560 1868 614 divites
1917 585 1937 617 5

198 631 480 685 affluentes
521 634 575 684 et
615 633 810 702 quibus
850 636 1073 702 paterna
1106 635 1442 687 successione
1482 635 1718 688 maxima
1757 634 1870 687 feli-

197 706 331 758 citas
371 710 729 774 comparatur.
807 704 864 759 Si
903 725 1028 760 vero
1079 707 1136 759 in
1176 711 1327 760 sexto
1366 708 1485 761 loco
1527 707 1648 761 Sole
1687 709 1868 779 posito

195 780 344 831 nulla
383 780 615 849 (stella)
653 779 710 832 in
748 778 866 834 MC.
906 780 1070 834 fuerit
1110 781 1420 852 constituta,
1460 782 1705 852 Iuppiter
1743 800 1868 835 vero

196 856 250 904 et
295 851 501 906 Venus
530 872 652 906 cum
698 855 884 907 eodem
933 853 1055 908 Sole
1105 856 1163 907 in
1213 859 1365 908 sexto
1420 856 1611 924 (loco)
1667 856 1869 909 fuerint

193 927 414 997 inventi,
455 926 708 997 quiequid
746 929 1013 981 malorum
1053 929 1327 982 decretum
1364 928 1544 1000 fuerit,
1582 930 1868 1000 mitigatur
1892 953 1935 985 10

195 1003 249 1053 et
287 1004 406 1053 tota
446 1000 783 1055 infelicitatis
823 1002 1116 1071 impeditur
1153 1002 1490 1071 improbitas.

103 1072 175 1124 20
339 1074 405 1126 In
459 1075 688 1144 septimo
744 1077 863 1130 loco
913 1075 1006 1129 Sol
1060 1076 1127 1129 ab
1181 1077 1482 1146 horoscopo
1538 1077 1866 1130 constitutus

118 1215 123 1220 ξ
191 1148 427 1201 maxima
472 1148 606 1202 vitia
634 1153 715 1202 ret
760 1150 1083 1203 valitudines
1131 1150 1389 1220 decernit,
1445 1152 1764 1218 praesertim
1820 1152 1868 1204 si

191 1222 268 1275 sic
302 1221 483 1275 Solem
514 1223 754 1292 positum
785 1223 931 1276 Mars
969 1227 1022 1276 et
1057 1223 1321 1277 Saturnus
1355 1224 1535 1293 aliqua
1567 1225 1866 1277 radiatione

188 1297 522 1365 respexerint
561 1298 645 1350 vel
686 1298 732 1350 si
772 1316 894 1351 cum
926 1316 988 1351 eo
1028 1297 1230 1351 fuerint
1262 1298 1534 1367 collocati3
1576 1299 1867 1351 secundum
1891 1321 1932 1354 15

190 1370 334 1422 enim
372 1373 623 1423 naturam
661 1371 946 1424 malivolae
987 1372 1189 1441 stellae,
1230 1390 1364 1441 quae
1398 1390 1519 1425 cum
1550 1371 1668 1441 ipso
1700 1372 1866 1426 fuerit
1973 1372 1975 1374 ’

190 1443 476 1514 collocata,
537 1445 728 1498 indicit
781 1446 914 1498 vitia
975 1445 1340 1516 aegritudines
1377 1486 1564 1498 .....
1602 1446 1648 1499 si
1702 1445 1865 1516 Mam,

188 1517 388 1570 calidas
451 1521 505 1571 et
563 1518 780 1588 ignitas.
877 1519 1080 1582 Quodsi
1115 1519 1294 1572 ‘Luna
1355 1538 1478 1573 cum
1539 1538 1601 1573 eo
1663 1520 1748 1572 vel
1809 1521 1867 1572 in

190 1589 421 1660 septimo
460 1592 580 1644 loco
620 1591 785 1645 fuerit
822 1592 1043 1645 inventa
1087 1593 1171 1645 vel
1210 1593 1268 1645 in
1306 1593 1536 1662 septimo
1577 1594 1696 1646 loco
1739 1592 1863 1646 Sole

188 1665 486 1718 constituto
535 1664 687 1717 Luna
733 1666 790 1718 in
833 1665 1134 1735 horoscopo
1189 1666 1272 1719 vel
1327 1665 1383 1718 in
1429 1666 1545 1720 MC.
1590 1666 1864 1735 partiliter
1888 1691 1931 1722 20

187 1738 352 1791 fuerit
405 1738 694 1808 collocata,
748 1757 974 1809 magnos
1029 1742 1278 1808 potentes
1331 1740 1543 1792 nobiles
1593 1739 1757 1793 faciet
1808 1744 1862 1794 et

189 1813 383 1880 quibus
424 1813 835 1865 committantur
875 1813 1138 1866 maximae
1179 1815 1499 1882 potestateS‚
1538 1814 1863 1882 praesertim

189 1886 236 1937 si
282 1885 446 1938 fuerit
493 1886 549 1938 in
595 1886 754 1939 domo
807 1905 903 1939 sua
951 1890 1044 1939 aut
1089 1888 1145 1939 in
1191 1886 1475 1939 altitudine
1522 1905 1620 1939 sua
1666 1891 1759 1940 aut
1805 1888 1863 1940 in

188 1959 346 2013 domo
379 1959 524 2012 Iovis
558 1960 885 2013 constitutus
926 1964 980 2013 et
1021 1960 1066 2013 si
1097 1961 1247 2013 locus
1281 1959 1552 2014 Fortunae
1590 1959 1863 2030 partiliter

189 2038 244 2086 et
288 2052 385 2103 per
431 2037 744 2103 computum
790 2033 1079 2105 diligenter
1123 2034 1371 2087 inventus
1417 2034 1475 2086 in
1522 2035 1704 2103 aliquo
1751 2053 1861 2089 car·
1885 2057 1928 2090 25

100 2101 165 2153 21
189 2107 311 2160 dine
349 2106 514 2160 fuerit
552 2107 862 2161 collocatus,
926 2107 984 2161 Si
1022 2125 1148 2161 vero
1189 2108 1265 2160 sic
1301 2106 1423 2161 Sole
1464 2111 1518 2160 et
1549 2107 1702 2161 Luna
1741 2127 1861 2161 con-

189 2181 419 2249 stitutiS,
473 2181 550 2234 sic
604 2182 768 2234 etiam
813 2181 1083 2235 Fortunae
1129 2182 1248 2235 loco
1305 2182 1569 2235 collocato
1616 2181 1862 2251 Iuppiter

188 2254 422 2323 aliquem
446 2255 726 2324 geniturae
752 2256 1024 2308 cardinem
1047 2255 1297 2325 tenuerit,
1325 2256 1680 2324 imperatores
1706 2273 1860 2325 reges

187 2327 373 2397 faciet,
420 2329 511 2380 sed
550 2328 721 2381 bonos
762 2329 1054 2382 benivolos,
1130 2328 1316 2382 Faciet
1364 2331 1526 2382 etiam
1570 2330 1729 2382 duces
1767 2346 1860 2398 po-

337 2461 359 2499 1
394 2456 433 2500 si
464 2458 569 2501 add.
601 2472 631 2500 v
720 2464 748 2502 4
779 2459 884 2502 add.
919 2476 946 2503 κ
980 2461 986 2515 Ι
1024 2458 1074 2502 in
1105 2459 1187 2503 del.
1221 2457 1269 2501 A'
1363 2462 1389 2501 5
1421 2458 1539 2516 MC]
1571 2457 1620 2500 in
1650 2471 1735 2502 mc.
1767 2462 1859 2501 HV

186 2516 236 2560 in
272 2515 426 2560 medio
465 2520 545 2558 PR
686 2521 711 2560 6
756 2517 978 2561 afluentes
1018 2522 1107 2560 MR
1250 2521 1275 2561 7
1311 2519 1603 2573 comparetur
1638 2521 1676 2559 V
1713 2517 1859 2561 recte?

188 2583 214 2620 8
238 2575 385 2631 suppl.
418 2590 445 2617 a
472 2576 478 2632 Ι
505 2573 624 2632 ΜΟ]
655 2588 790 2618 merc.
822 2580 867 2618 Μ
988 2581 1013 2620 9
1044 2577 1189 2632 suppl.
1224 2591 1271 2631 a,
1310 2582 1506 2630 expectes
1537 2589 1640 2618 cum
1672 2574 1776 2618 Sole
1807 2575 1858 2619 in

188 2634 351 2678 eodem
379 2633 480 2677 loco
511 2632 635 2676 idest
664 2632 713 2676 in
743 2636 871 2678 sexto
972 2639 1027 2678 10
1057 2634 1262 2692 migatur
1291 2638 1335 2676 M
1442 2640 1494 2677 11
1528 2633 1782 2677 infecitatis
1813 2639 1858 2676 M

189 2699 244 2736 14
277 2692 343 2736 sic
379 2707 460 2737 om.
492 2696 530 2735 V
651 2696 705 2734 16
745 2691 918 2737 fuerint
956 2693 1202 2753 collocate,
1242 2707 1352 2737 corr.
1386 2692 1442 2734 A*
1559 2697 1612 2735 17
1646 2693 1728 2736 lac.
1754 2699 1859 2749 post

187 2752 312 2795 Mars
342 2752 503 2796 statuit
533 2750 638 2795 Sittl
744 2755 798 2794 18
829 2752 901 2794 vel
931 2753 979 2810 v]
1012 2755 1058 2796 et
1179 2757 1232 2795 19
1263 2750 1437 2805 fuerint
1466 2755 1510 2793 M
1630 2756 1682 2794 21
1717 2751 1857 2795 collo-

188 2812 335 2866 catus,
359 2824 470 2854 corr.
496 2808 544 2852 A'
575 2811 580 2867 Ι
607 2808 786 2852 nobiles
810 2812 1023 2866 potentes
1046 2816 1085 2853 V
1174 2815 1231 2854 24
1253 2809 1390 2876 Iovis]
1416 2823 1499 2852 sua
1521 2814 1579 2852 pa
1665 2815 1719 2853 26
1744 2810 1857 2854 luna

188 2868 467 2912 constitutus
498 2873 543 2910 M
662 2873 716 2911 28
757 2867 915 2923 aliqua
953 2871 1131 2926 (-quam
1168 2868 1236 2926 A‘)
1276 2871 1492 2926 gemtura
1531 2871 1666 2925 (-ram
1697 2868 1764 2926 A')
1809 2871 1857 2913 et

188 2926 435 2983 cardinem,
467 2941 578 2971 corr.
611 2942 638 2969 a.
758 2931 813 2969 29
846 2926 1007 2986 etiam]
1042 2930 1198 2971 autem
1226 2932 1271 2970 M
