2014 3202
865 116 930 160 ΠΙ
951 122 996 172 4,
1019 129 1155 163 7-13,
1496 113 1500 118 ’
1746 118 1847 171 117

177 256 267 291 eos
316 238 429 291 sine
478 239 658 309 gratia
708 240 1007 308 praestare,
1062 238 1202 307 quod
1250 238 1514 309 dederint3
1567 258 1692 292 nam
1740 239 1853 309 qui-

177 330 405 381 cumque
453 312 656 382 aliquid
703 313 769 364 ab
818 312 951 381 ipsis
998 311 1164 364 fuerit
1211 316 1553 383 consecutae,
1602 314 1850 384 ingratus
1930 367 1934 375 x

175 385 285 439 illis
325 405 534 456 semper
572 385 771 439 existit.
841 384 1046 447 Quodsi
1090 386 1166 439 sic
1203 387 1446 455 positum
1485 387 1716 440 Martem
1757 385 1938 442 Solll

178 461 241 512 de
281 461 541 529 quadrato
589 460 671 512 vel
720 460 783 512 de
824 460 1087 512 diametro
1134 461 1432 529 respexerit
1479 465 1574 513 aut
1622 479 1743 514 cum
1788 479 1851 514 eo

134 554 154 587 5
178 534 363 604 fuerit,
408 533 637 587 fortiora
674 533 807 586 haec
846 534 990 586 mala
1029 533 1404 604 crebrioraque
1443 535 1704 602 decernit3
1750 535 1853 588 fre-

179 611 404 676 quenter
428 608 569 660 enim
597 607 726 677 <in>
750 608 1000 660 maximis
1026 608 1279 677 periculis
1306 609 1603 662 constituit.
1666 608 1855 662 Faciet

180 682 345 734 etiam
375 681 595 734 insanos
634 682 926 750 lunaticOS,
965 682 1012 734 si
1044 683 1121 735 sic
1155 682 1328 735 Marte
1362 683 1661 736 constituto
1696 682 1855 735 horo·

180 773 372 824 scopus
411 755 469 807 in
508 756 667 809 domo
709 755 903 808 Martis
943 755 1108 808 fuerit
1148 756 1421 822 inventus,
1469 760 1563 809 aut
1610 756 1657 809 si
1702 758 1854 810 locus

179 828 452 882 Fortunae
484 829 542 882 in
573 830 691 883 loco
731 830 816 883 vel
850 830 1008 883 domo
1041 829 1234 883 Martis
1266 830 1433 883 fuerit
1463 831 1715 884 inventus
1749 830 1856 898 [vel

115 923 157 956 ιο
181 903 523 973 collocatus],
578 907 672 956 aut
722 904 768 956 si
815 904 966 957 locus
1016 904 1282 972 cupidinis
1337 905 1422 957 vel
1469 904 1746 958 daemonis
1799 903 1859 957 in

179 977 337 1030 domo
378 977 570 1030 Martis
608 978 774 1031 fuerit
819 978 1163 1031 constitutus
1410 998 1417 1006 ·

326 1050 392 1103 In
432 1051 622 1120 quinto
654 1053 774 1105 loco
806 1051 952 1104 Mars
994 1052 1061 1104 ab
1093 1051 1397 1123 horoscopo
1438 1053 1770 1106 constitutus
1810 1051 1857 1104 si
1877 1053 1945 1105 12

178 1143 276 1194 per
313 1129 531 1178 noctem
569 1125 628 1178 in
664 1126 768 1179 hoc
807 1126 929 1179 loco
969 1125 1134 1178 fuerit
1173 1129 1228 1178 et
1266 1127 1313 1179 si
1352 1126 1409 1179 in
1443 1127 1604 1179 domo
1637 1144 1734 1178 sua
1771 1126 1857 1178 vel

180 1199 237 1251 in
288 1199 447 1252 domo
493 1198 639 1252 Iovis
692 1200 778 1252 vel
831 1200 890 1252 in
942 1200 1141 1253 finibus
1197 1201 1307 1254 suis
1362 1200 1446 1253 vel
1493 1200 1638 1253 Iovis
1693 1199 1860 1252 fuerit

115 1293 158 1326 15
181 1272 381 1325 finibus
428 1273 513 1326 vel
563 1274 621 1326 in
660 1274 946 1326 altitudine
996 1292 1093 1326 sua
1130 1273 1296 1326 fuerit
1342 1274 1671 1327 constitutus
1719 1276 1774 1326 et
1813 1273 1861 1326 si

181 1346 428 1415 Iuppiter
476 1366 594 1399 cum
645 1366 707 1400 eo
754 1347 920 1400 fuerit
966 1348 1050 1400 vel
1098 1349 1160 1400 de
1209 1349 1424 1419 trigono
1474 1367 1595 1401 eum
1641 1347 1758 1417 ipse
1803 1348 1862 1399 in

184 1420 342 1473 domo
383 1439 480 1473 sua
518 1421 848 1474 constitutus
887 1421 1206 1491 respexerit,
1254 1422 1419 1475 faciet
1456 1422 1657 1492 glorias
1698 1421 1863 1474 maxi-

183 1512 299 1546 mas
349 1498 402 1547 et
448 1495 764 1564 patrimonii
803 1499 1094 1565 augmenta
1142 1513 1340 1566 magna
1386 1499 1441 1548 et
1489 1514 1644 1548 omne
1692 1513 1861 1565 genus

183 1567 423 1632 decernit
460 1568 760 1638 felicitatis;
807 1569 940 1623 facit
987 1569 1154 1622 etiam
1191 1569 1424 1622 honores
1469 1588 1500 1622 a
1538 1569 1739 1639 populo
1779 1569 1865 1621 de-

117 1663 161 1695 20
185 1642 344 1710 cerni,
385 1660 506 1695 cum
544 1643 862 1711 potentibus
901 1643 1034 1696 viris
1074 1643 1158 1696 vel
1199 1662 1320 1696 cum
1353 1642 1602 1696 maximis
1636 1643 1863 1696 admini-

186 1716 509 1769 stratoribus
549 1717 722 1770 fidelis
763 1717 1033 1770 amicitiae
1074 1718 1251 1788 gratia
1291 1718 1585 1787 coniungit.
1661 1715 1862 1779 Quodsi
1882 1718 1950 1771 13

186 1789 264 1842 sic
294 1790 474 1858 posito
506 1789 681 1843 Marte
714 1810 774 1845 ac
806 1791 934 1844 Iove
967 1791 1120 1844 Luna
1151 1792 1402 1844 deficiens
1434 1791 1636 1843 lumine
1667 1790 1861 1844 Martis

187 1881 244 1916 se
277 1864 466 1916 stellae
499 1868 768 1934 oportuna
799 1866 1097 1918 radiatione
1130 1865 1482 1934 coniunxerit,
1519 1865 1683 1918 faciet
1713 1882 1862 1933 prae-

186 1940 439 2005 potentes
477 1938 768 1992 horribiles
810 1940 969 1992 duces
1018 1942 1072 1991 et
1118 1939 1314 2008 quibus
1358 1939 1581 1991 maximi
1620 1938 1863 1992 commit-

121 2034 163 2068 25
186 2012 373 2063 tantur
404 2013 686 2096 exercitus,
722 2017 783 2066 ut
815 2013 940 2066 dent
972 2013 1138 2065 etiam
1170 2013 1315 2065 vitae
1345 2013 1599 2080 necisque
1632 2011 1863 2064 auctori-

186 2086 381 2153 tatem,
436 2089 490 2138 et
542 2086 598 2138 in
643 2086 856 2157 magnis
904 2086 1464 2139 administrationibus
1511 2085 1643 2138 iuris
1694 2085 1863 2155 gladii

187 2157 425 2211 decernit
462 2163 804 2228 potestatem.
869 2160 1072 2222 Quodsi
1112 2160 1179 2212 ab
1213 2177 1276 2211 eo
1308 2159 1462 2212 Luna
1496 2159 1864 2229 (recesserit),

187 2231 371 2285 Venus
403 2251 529 2286 vero
563 2234 636 2286 sit
676 2253 797 2287 cum
829 2251 893 2287 eo
926 2236 1020 2286 aut
1051 2234 1113 2285 de
1147 2233 1365 2303 trigono
1398 2252 1521 2286 eum
1553 2234 1864 2303 respexerit,

186 2305 350 2359 faciet
387 2306 572 2360 felices
618 2308 812 2361 divites
859 2311 914 2360 et
960 2307 1052 2376 qui
1098 2325 1194 2376 per
1234 2310 1405 2360 semet
1442 2308 1590 2377 ipsos
1630 2307 1863 2378 gloriam

334 2502 358 2539 2
393 2495 451 2539 ab
484 2496 550 2540 eis
573 2501 611 2539 V
703 2502 728 2541 6
760 2496 809 2540 in
842 2497 947 2541 add.
977 2513 1005 2540 κ
1097 2500 1120 2540 7
1152 2495 1304 2553 posito
1328 2501 1391 2539 V³
1479 2501 1506 2541 8
1537 2495 1756 2539 inuentus
1786 2495 1864 2539 uel

187 2554 504 2600 collocatusP
647 2559 673 2599 8
704 2557 758 2600 de
790 2557 897 2600 loeis
926 2556 1139 2610 fortwnae
1169 2561 1210 2600 et
1239 2556 1471 2600 daemonis
1500 2557 1557 2610 cf.
1590 2555 1670 2598 IV
1689 2557 1865 2610 1218,

187 2615 240 2659 de
269 2615 503 2671 cupidinis
526 2615 600 2658 VI
619 2616 652 2670 f.
671 2615 951 2659 LXXXIV
969 2615 1047 2659 col.
1077 2618 1106 2658 4
1145 2615 1399 2659 Pau1.J2
1511 2618 1537 2657 9
1569 2613 1782 2657 fortunae
1804 2639 1863 2646 -

188 2678 243 2717 10
267 2673 307 2717 si
329 2674 458 2718 locus
483 2688 565 2718 om
590 2679 623 2717 P
715 2679 769 2717 13
800 2674 888 2717 hoc
911 2673 1013 2717 loco
1037 2674 1082 2732 σ]
1106 2673 1362 2730 horoscopo
1455 2678 1509 2716 16
1542 2687 1647 2716 eum
1676 2673 1725 2730 v]
1754 2686 1863 2738 cum

187 2737 240 2776 21
274 2731 456 2805 gratiae
486 2737 657 2776 PRVA
706 2735 712 2791 Ι
763 2732 1046 2788 coniunctos,
1081 2747 1193 2778 corr.
1226 2747 1290 2777 κσ
1424 2737 1479 2775 22
1511 2733 1634 2774 mart
1665 2745 1719 2774 ac
1750 2729 1862 2787 ioui,

187 2805 298 2836 corr.
331 2790 380 2834 A‘
534 2797 590 2836 24
627 2791 848 2847 maxime,
889 2805 1002 2836 corr.
1035 2791 1141 2837 Sittl
1289 2796 1344 2835 25
1381 2794 1434 2835 ut
1419 2791 1596 2892 ¹1dent]
1633 2788 1799 2833 iisdem
1836 2804 1864 2833 σ

182 2851 331 2906 possis
360 2855 400 2895 et
428 2850 656 2895 habentes
689 2852 740 2896 cl.
767 2854 870 2907 130,
888 2861 932 2892 27
981 2852 987 2907 Ι
1042 2850 1170 2894 necis
1203 2864 1258 2895 ac
1289 2850 1463 2911 uitelt
1608 2854 1662 2892 27
1695 2850 1801 2893 add
1834 2865 1862 2891 a

189 2911 246 2952 28
278 2909 402 2967 eum]
434 2922 539 2952 cum
568 2915 601 2953 P
650 2913 657 2965 Ι
710 2909 1010 2966 respexerint,
1041 2924 1153 2955 corr.
1179 2914 1217 2952 A
1366 2914 1422 2952 29
1455 2909 1602 2952 semet
1631 2906 1701 2966 A']
1735 2921 1783 2951 se
1815 2910 1865 2951 et
