2014 3202
212 129 281 181 28
934 130 1162 192 FIRMICI

212 268 423 318 semper
456 247 606 319 Sylla
638 267 855 302 securus
887 269 948 304 ac
981 252 1243 320 superbus
1270 252 1491 321 aspexit.
1542 251 1681 314 Quid
1704 255 1888 320 potest

213 323 480 376 crudelius
520 323 675 375 fieri?
728 322 941 376 Liberis
984 329 1038 377 et
1069 326 1327 378 uxoribus
1360 326 1584 378 miseras
1624 324 1914 378 orbitates

212 397 375 449 titulo
413 397 659 466 publicae
694 397 1021 450 calamitatis
1056 399 1304 468 ingessit3
1342 399 1479 451 1111111
1510 399 1720 468 pietati,
1749 398 1886 456 nihil

211 470 352 540 fidei,
389 470 527 523 nihil
566 470 889 540 fortitudini,
926 471 1063 524 nihil
1100 473 1469 540 providentiae
1503 472 1659 525 licuit
1699 476 1886 527 contra

126 542 434 613 3583111661,
511 543 621 597 Ubi
659 562 802 597 nunc
842 548 991 615 sunt,
1038 546 1129 614 qui
1169 550 1389 614 peccata
1425 550 1614 599 nostra
1650 546 1887 609 humana
1933 568 1954 600 5

212 636 273 670 ac
313 618 492 670 divina
532 618 754 670 credunt
793 635 951 686 posse
990 619 1108 688 lege
1148 619 1363 688 puniri?
1429 620 1570 673 Ecce
1613 618 1762 690 Sylla
1800 638 1887 672 ne-

126 715 128 718 *
212 691 363 743 fariis
405 691 654 744 caedibus
694 692 949 762 pascitur,
989 711 1109 745 ecce
1148 694 1432 762 tyrannico
1473 699 1754 764 grassatur
1791 694 1887 746 im-

210 765 362 834 perio
413 783 510 817 nec
551 765 875 834 cupiditates
917 765 1029 818 eius
1068 769 1310 835 potestas
1358 767 1538 836 aliqua
1585 767 1886 820 divinitatis

212 840 513 908 impugnat.
585 838 726 901 Quid
774 839 980 892 sentis?
1036 839 1162 908 quid
1209 841 1450 893 iudicas?
1506 840 1705 894 Refuta
1745 841 1887 910 quod

211 912 461 964 dicimus!
538 911 773 965 Ostende
830 913 987 965 nobis
1043 914 1283 968 ordinem
1332 916 1531 967 rerum!
1596 913 1706 968 Ubi
1761 917 1956 976 81111110

210 986 373 1055 leges,
410 985 507 1038 ubi
545 986 779 1039 iudicia?
845 986 1099 1039 Humano
1139 990 1194 1040 61,
1233 987 1411 1040 divino
1453 1007 1635 1041 sumus
1676 1007 1887 1057 semper

211 1058 462 1111 destituti
494 1060 708 1128 iudicio,
742 1060 867 1129 quia
899 1061 1078 1113 omnia
1108 1062 1256 1130 11666,
1288 1079 1423 1130 quae
1456 1062 1703 1131 diximuS,
1736 1061 1887 1131 Sylla

210 1133 484 1185 commisit
537 1133 770 1202 impune.
854 1134 1004 1204 Ergo
1058 1134 1300 1188 facinora
1353 1136 1487 1204 61118,
1543 1154 1664 1188 611111
1717 1136 1885 1188 tantis

211 1207 462 1259 caedibus
502 1211 865 1277 pascerentur,
903 1208 1054 1260 nulla
1091 1208 1368 1261 ultricium
1414 1209 1634 1261 deorum
1672 1209 1886 1279 flagella

210 1280 518 1350 castigant?
546 1321 705 1333 .....
737 1282 966 1350 imperia
1009 1301 1108 1335 nec
1148 1286 1254 1351 est,
1302 1283 1394 1351 qui
1440 1283 1681 1335 dolorem
1729 1301 1883 1335 suum
1911 1304 1954 1336 15

208 1355 386 1407 verbis
426 1373 487 1407 66
525 1354 762 1407 lacrimis
793 1355 1025 1423 prodat?
1085 1356 1367 1409 Defunctis
1398 1375 1495 1424 per
1532 1357 1688 1409 illum
1720 1357 1885 1417 etiam

210 1446 491 1496 supremus
541 1429 685 1497 ignis
733 1429 981 1497 eripitur:
1028 1433 1082 1481 et
1125 1429 1228 1482 1106
1276 1429 1430 1499 [non]
1477 1430 1660 1499 potuit
1706 1431 1884 1483 videre

121 1501 190 1554 36
209 1501 456 1553 iustitia?
531 1501 681 1554 Dicis
728 1505 948 1571 peccata
994 1503 1274 1555 hominum
1327 1522 1425 1571 per
1474 1503 1586 1555 dies
1642 1504 1883 1574 singulos

209 1575 312 1627 diis
351 1574 637 1628 ultricibus
675 1576 936 1644 nuntiari3
985 1575 1165 1628 omnia
1203 1577 1351 1646 haec,
1390 1577 1530 1630 sicut
1568 1577 1715 1629 vides
1726 1617 1742 1645 ‚
1790 1577 1885 1631 im-

209 1667 349 1716 pune
378 1652 534 1718 gesta
559 1653 700 1717 sunt,
732 1653 787 1701 et
818 1650 948 1702 fecit
980 1650 1042 1702 de
1074 1650 1159 1702 his
1193 1651 1442 1703 omnibus
1467 1649 1708 1703 Fortuna
1741 1651 1882 1720 quod
1908 1673 1953 1704 20

208 1722 397 1792 voluit,
437 1725 491 1775 et
531 1723 786 1792 quicquid
825 1723 1053 1793 singulis
1085 1723 1200 1775 fata
1232 1725 1591 1792 decreverant,
1632 1723 1883 1794 Syllanae

208 1795 443 1848 feritatis
499 1797 959 1849 animadversione
1015 1797 1284 1865 completa
1339 1801 1477 1850 sunt.
1554 1796 1630 1851 Ut
1676 1802 1731 1850 et
1779 1797 1883 1851 hoc

211 1869 348 1922 scias
389 1888 515 1922 vera
551 1868 651 1922 nos
683 1871 893 1922 ratione
926 1871 1169 1939 edixisse,
1206 1870 1384 1940 ipsum
1415 1874 1541 1939 post
1578 1871 1710 1924 11666
1742 1872 1885 1925 mala

207 1961 434 2012 prosper
473 1943 798 2012 sequebatur
836 1948 1074 1997 eventus.
1133 1943 1430 2013 Perpetuae
1470 1945 1768 1997 dictaturae
1799 1963 1879 2001 cu·

208 2017 446 2069 mulatur
476 2016 782 2087 insignibus
808 2021 861 2070 et
883 2019 1103 2087 proprio
1137 2019 1365 2071 arbitrio
1392 2018 1612 2087 deponit
1635 2019 1882 2088 imperia3
1907 2040 1951 2072 25

208 2090 476 2143 laceratae
515 2091 843 2160 reipublicae
883 2095 1032 2144 artus
1065 2095 1119 2143 et
1150 2095 1399 2145 cruentae
1436 2092 1694 2161 pecuniae
1731 2092 1884 2145 iussu

210 2163 324 2216 eius
365 2165 431 2216 ad
481 2163 868 2234 ignobiliorum
916 2165 1198 2218 hominum
1245 2165 1460 2218 divitias
1512 2166 1882 2235 conferuntur3

209 2241 335 2305 post
365 2238 499 2290 11666
532 2239 675 2290 mala
707 2239 891 2307 quieta
923 2239 1211 2292 securitate
1245 2239 1444 2290 fruitur
1468 2242 1522 2291 61,
1554 2239 1884 2298 abundantia

211 2310 473 2363 scelerum
515 2312 794 2380 saginatus
835 2313 1049 2365 decreto
1090 2312 1408 2381 amplissimi
1450 2316 1667 2366 senatus
1708 2315 1761 2364 et
1791 2331 1884 2381 po-.

356 2503 379 2542 1
417 2498 526 2542 silla
565 2503 600 2546 Q.
645 2500 779 2555 (idem
818 2505 857 2544 5.
900 2505 939 2543 6.
971 2505 1038 2545 12.
1077 2502 1150 2556 21)
1299 2504 1326 2542 3
1363 2499 1654 2556 publicatae,
1694 2512 1811 2551 corr.
1851 2517 1880 2543 κ

210 2562 235 2601 7
266 2557 496 2603 tirannico
529 2562 564 2606 0,
612 2558 618 2614 Ι
675 2560 909 2602 crassatur
937 2564 971 2602 Ρ
1120 2563 1146 2603 8
1179 2557 1465 2615 cupiditatis,
1497 2572 1607 2603 corr.
1641 2573 1670 2600 v
1711 2559 1717 2615 Ι
1761 2556 1880 2601 diui-

205 2615 331 2660 nitas
361 2621 407 2659 M
438 2619 555 2673 (cum
584 2630 674 2660 ras.
701 2623 805 2671 post
835 2620 882 2673 n)
914 2624 956 2661 et
985 2623 1018 2660 P
1050 2617 1300 2661 diuinitate
1332 2622 1379 2673 Q,
1411 2631 1522 2661 corr.
1555 2615 1605 2659 A'
1641 2615 1880 2674 (divinitus

216 2676 398 2731 Usener)
519 2680 544 2718 9
576 2674 863 2731 inpugnatur
900 2680 934 2724 Q
1056 2682 1109 2719 12
1142 2675 1335 2720 dicimus
1367 2679 1426 2724 ΟΡ
1554 2680 1608 2718 13
1639 2674 1813 2731 inpune
1846 2680 1881 2723 Q,

210 2735 342 2789 (idem
375 2738 447 2789 19)
597 2739 653 2778 14
682 2736 949 2790 pasceretur
979 2740 1017 2778 A
1066 2737 1071 2793 Ι
1115 2735 1305 2779 dearum
1333 2738 1372 2778 A
1406 2735 1462 2789 cf.
1497 2739 1550 2776 19
1698 2738 1755 2777 ⁷15
1795 2735 1877 2779 lac.

208 2794 367 2837 statuit
405 2794 571 2837 Usener
691 2797 746 2835 16
776 2793 946 2848 probat
977 2798 1035 2842 αθ
1155 2799 1207 2838 17
1242 2806 1511 2849 suppremus
1542 2796 1619 2835 MP
1661 2793 1666 2849 Ι
1708 2793 1790 2836 del.
1824 2807 1880 2836 κσ

211 2855 265 2893 18
298 2850 467 2906 dicitis,
499 2866 610 2896 corr.
643 2850 692 2894 A‘
801 2856 855 2894 19
887 2852 1116 2896 ultoribus
1150 2857 1184 2900 Q.
1225 2854 1230 2910 Ι
1271 2851 1486 2894 nuntiare
1515 2856 1573 2893 pa
1680 2856 1736 2894 20
1767 2851 1881 2895 fecit

209 2909 290 2952 del.
340 2910 505 2953 Usener
641 2915 697 2953 23
742 2909 912 2953 dixisse
945 2915 1001 2952 pa
1142 2916 1198 2954 24
1243 2910 1628 2967 persequebatur,
1675 2924 1786 2954 corr.
1827 2909 1876 2952 A‘
