2014 3202
750 142 813 186 IV
839 146 906 197 17,
934 146 1104 198 12-19,
1122 155 1156 186 3.
1686 142 1792 196 243

397 306 541 361 XIX.
594 306 692 360 DE
731 305 1021 359 DOMINO
1065 304 1512 361 GENITURAE.

268 451 646 464 ...........
670 408 1020 478 <geniturae>
1044 408 1334 479 dominum,
1367 427 1525 478 quem
1558 408 1789 464 Graeci
1814 412 1840 463 1

119 486 506 554 oecodespoten
563 486 780 551 vocant,
843 500 947 551 qua
1000 483 1193 536 debeas
1248 482 1455 536 ratione
1512 484 1790 554 colligere3

117 559 231 628 ipse
279 558 420 611 enim
474 556 642 610 totius
694 556 974 626 geniturae
1024 557 1266 625 possidet
1317 575 1583 610 summam
1630 561 1684 611 et
1722 558 1789 610 ab

74 654 93 687 5
118 632 238 701 ipso
278 632 465 684 stellae
506 630 749 701 singulae
790 630 989 683 decreti
1027 629 1302 683 licentiam
1337 632 1659 701 sortiuntur3
1700 631 1791 701 qui

118 706 164 758 si
217 706 352 758 bene
405 703 569 757 fuerit
621 703 913 757 collocatus
967 704 1024 757 in
1076 703 1185 770 his,
1238 705 1295 756 in
1351 705 1545 773 quibus
1592 706 1792 775 gaudet

118 778 287 848 signis
327 779 412 831 vel
450 778 507 830 in
547 777 740 848 quibus
780 777 1072 847 exaltatur,
1117 778 1202 830 vel
1241 778 1298 830 in
1337 778 1623 832 domiciliis
1663 777 1790 846 suis,

117 856 172 905 et
219 852 543 905 conditionis
591 870 717 905 suae
766 852 1016 921 genitura
1060 851 1226 904 fuerit
1270 870 1368 904 nec
1413 852 1790 905 malivolarum

116 926 306 979 nociva
345 925 643 978 radiatione
681 924 928 994 pulsatus
966 943 1063 978 nec
1101 925 1473 978 benivolarum
1512 926 1790 979 stellarum

51 1022 94 1054 10
115 999 383 1069 praesidio
438 999 754 1067 destitutus,
810 997 990 1051 omnia
1042 999 1186 1051 bona
1237 1017 1336 1067 pro
1389 1003 1614 1052 naturae
1662 1018 1790 1052 suae

117 1073 377 1142 qualitate
439 1073 675 1125 decernit
729 1075 783 1124 et
844 1072 1118 1142 integrum
1178 1090 1440 1125 annorum
1492 1091 1788 1126 numerum.

117 1146 175 1200 Si
213 1164 340 1199 vero
380 1146 669 1216 impeditus
710 1165 741 1198 a
771 1146 1038 1199 malivolis
1071 1146 1156 1198 vel
1188 1165 1220 1198 a
1249 1146 1514 1200 benivolis
1547 1148 1790 1200 desertus

114 1220 295 1288 fuerit,
335 1220 509 1272 omnis
551 1219 664 1272 eius
697 1219 1251 1273 efficaciadebilitata
1282 1221 1598 1290 languescit.
1653 1219 1842 1282 Qua-2

116 1298 273 1346 tenus
303 1293 560 1364 inveniaS‚
592 1293 871 1362 explicabo
904 1293 1153 1346 omnibus
1184 1297 1473 1347 veterum
1508 1294 1789 1347 sententiis

51 1390 92 1422 15
116 1368 399 1420 intimatis,
488 1367 754 1429 Quidam
803 1367 906 1420 hac
957 1367 1243 1420 voluerunt
1293 1367 1573 1437 geniturae
1624 1368 1790 1421 domi-

114 1460 246 1494 num
295 1441 506 1494 ratione
558 1440 811 1524 colligere
863 1441 1098 1494 dicentes
1148 1441 1291 1494 hunc
1342 1459 1457 1494 esse
1508 1441 1788 1511 geniturae

117 1514 408 1599 dominum,
448 1514 540 1583 qui
578 1515 635 1567 in
673 1513 1061 1598 principalibus
1101 1515 1380 1598 geniturae
1412 1515 1545 1568 locis
1576 1515 1789 1585 positus

115 1589 172 1642 in
222 1588 392 1659 signis
444 1587 555 1641 suis
608 1592 702 1640 aut
749 1588 807 1640 in
859 1588 1057 1641 finibus
1116 1588 1227 1641 suis
1278 1587 1474 1641 fuisset
1522 1589 1788 1642 inventus.

114 1661 252 1715 Alii
292 1679 418 1715 vero
458 1680 490 1713 a
530 1660 653 1715 Sole
693 1664 747 1727 et
786 1660 939 1714 Luna
978 1661 1258 1732 geniturae
1298 1662 1575 1715 dominum
1613 1662 1787 1732 requi-

51 1758 93 1789 20
117 1736 310 1789 rebant
343 1754 465 1788 eum
496 1734 732 1788 dicentes
766 1748 888 1788 esse
913 1736 1193 1806 geniturae
1226 1735 1517 1806 dominum,
1547 1735 1606 1788 in
1637 1736 1787 1790 cuius

116 1809 303 1862 stellae
344 1809 542 1862 finibus
582 1807 674 1862 Sol
714 1812 768 1861 et
806 1808 960 1862 Luna
997 1808 1228 1862 fuissent
1267 1810 1488 1878 inventi,
1525 1809 1666 1863 idest
1696 1808 1788 1863 Sol

114 1883 172 1935 in
195 1882 399 1952 diurna,
414 1882 567 1935 Luna
589 1883 648 1935 in
668 1885 933 1936 nocturna
956 1882 1219 1952 genitura,
1237 1886 1292 1935 et
1314 1883 1480 1936 habet
1503 1883 1783 1936 rationem.

114 1955 251 2008 Alii
283 1974 401 2008 eum
427 1955 676 2009 dixerunt
699 1974 815 2009 esse
840 1955 1131 2025 dominum,
1156 1956 1249 2024 qui
1273 1956 1576 2009 altitudinis
1600 1955 1784 2009 Lunae

116 2029 362 2082 dominus
401 2028 594 2082 fuisset
631 2029 894 2088 inventus.
969 2027 1104 2082 Alii
1142 2047 1269 2082 vero
1308 2030 1449 2083 hunc
1489 2047 1605 2082 esse
1645 2030 1786 2083 dixe-

49 2125 91 2158 25
114 2106 241 2155 runt
281 2102 578 2172 dominum,
624 2102 1003 2170 cuiuscumque
1051 2101 1265 2172 signum
1303 2106 1430 2171 post
1467 2106 1656 2156 natum
1693 2104 1786 2156 ho·

115 2176 314 2229 minem
354 2175 507 2227 Luna
554 2176 743 2228 relicto
795 2193 856 2227 eo
908 2176 1086 2245 sign0‚
1136 2175 1194 2228 in
1244 2194 1348 2244 quo
1396 2180 1500 2246 est,
1552 2178 1783 2230 secundo

113 2250 234 2302 loco
274 2249 439 2301 fuerit
472 2249 728 2332 ingressa.
798 2246 900 2301 Sed
932 2252 986 2301 et
1015 2266 1114 2301 nos
1146 2248 1283 2302 hanc
1315 2250 1580 2303 rationem
1613 2251 1784 2320 sequi·
1803 2252 1836 2304 3

114 2341 255 2391 mur3
304 2322 436 2375 haec
487 2322 629 2375 enim
679 2325 760 2374 est
797 2321 1077 2374 verissima
1127 2326 1182 2375 et
1232 2323 1298 2376 ab
1346 2324 1595 2377 omnibus
1644 2343 1785 2378 com·

114 2397 356 2466 probata.
435 2394 537 2448 Sed
583 2399 638 2448 et
682 2399 742 2447 tu
788 2395 920 2449 haec
961 2395 1161 2465 omnia,
1202 2415 1336 2465 quae
1376 2397 1629 2467 diximus,
1669 2397 1785 2450 dili-

50 2492 93 2525 30
117 2470 266 2540 genti
290 2469 499 2523 ratione
525 2470 751 2523 discute:
789 2469 1044 2539 invenies,
1068 2469 1210 2538 quod
1235 2471 1480 2524 dominus
1506 2472 1784 2541 geniturae

263 2630 466 2685 2suppl
492 2628 540 2671 A'
635 2634 659 2670 3
692 2627 1057 2684 oeocodespoten
1086 2633 1123 2671 R
1212 2635 1239 2672 4
1273 2644 1450 2672 summa
1479 2634 1557 2671 PB
1648 2634 1673 2672 5
1707 2630 1784 2673 de-

117 2687 230 2731 creti
247 2688 459 2745 singu-M
486 2689 491 2744 Ι
520 2686 827 2753 diligentiam
852 2700 963 2731 corr.
982 2704 1008 2730 κ
1092 2692 1117 2730 9
1149 2688 1537 2732 radiatiationeht
1622 2693 1676 2732 15
1708 2701 1783 2730 ex-

115 2745 300 2802 plicatis
324 2746 402 2790 uel
424 2746 653 2790 intimatis
679 2750 724 2787 M
751 2747 756 2802 1
783 2746 839 2799 cf.
866 2746 982 2790 Ptol.
1015 2749 1099 2790 23r
1123 2757 1175 2790 31
1211 2750 1293 2791 33
1319 2758 1362 2788 29
1394 2748 1530 2790 Paul.
1563 2747 1609 2789 B
1632 2751 1660 2790 4
1695 2747 1732 2803 Q
1755 2751 1784 2791 4

118 2809 172 2847 19
196 2805 493 2861 requirebant
522 2831 581 2837 ——-
613 2809 668 2847 20
694 2803 930 2847 dominum
954 2818 1034 2848 om.
1053 2809 1097 2847 M
1215 2811 1270 2849 23
1296 2819 1394 2849 esse
1419 2820 1499 2849 om.
1518 2810 1562 2847 Μ
1589 2806 1595 2862 Ι
1622 2805 1783 2848 latitu-

118 2862 252 2918 dinis,
284 2878 394 2908 corr.
420 2881 448 2907 κ
598 2868 651 2907 29
685 2866 731 2906 et
761 2865 812 2906 tu
844 2863 959 2906 haec
990 2864 1036 2921 κ]
1067 2863 1152 2907 hec
1184 2867 1236 2908 ut
1268 2867 1315 2908 et
1337 2869 1380 2906 Μ
1420 2867 1467 2908 et
1490 2866 1543 2907 ut
1565 2864 1680 2907 haec
1702 2869 1783 2906 PB

116 2926 173 2964 30
205 2921 447 2978 discutere,
477 2936 588 2966 corr.
614 2940 641 2966 κ

1431 2997 1520 3040 16*
