1992 3198
740 125 762 168 I
791 124 1078 182 prooemium
1106 140 1223 171 4-8,
1789 127 1822 178 3

146 266 283 317 quae
329 247 470 300 ratio
517 247 703 299 orbem
749 247 981 299 lacteum
1035 246 1224 311 faciat,
1278 265 1413 316 quae
1468 246 1824 300 defectionem

147 321 290 376 Solis
330 340 392 375 ac
422 321 632 390 Lunae3
670 338 766 372 cur
804 321 1199 389 septentriones
1238 339 1534 390 numquam
1574 321 1706 374 caeli
1740 340 1824 374 ro-

143 399 264 448 tata
299 395 510 465 vertigo
543 393 611 446 ad
643 394 974 447 occidentem
1007 394 1301 448 transferat
1332 395 1635 464 orientique
1671 395 1824 448 resti-

145 473 288 539 tuat3
328 487 463 538 quae
502 468 574 521 sit
611 466 850 536 aquiloni
890 486 1015 537 pars
1055 472 1256 537 terrae,
1295 488 1430 539 quae
1470 488 1596 522 vero
1637 473 1823 522 austro

99 565 119 597 5
145 544 410 612 subiecta3
465 560 600 610 quae
654 542 796 594 ratio
850 545 1052 594 terram
1104 543 1279 611 ipsam
1329 541 1387 595 in
1440 543 1617 595 media
1667 546 1822 612 parte

142 617 377 686 positam
396 585 618 668 ⁷librata
656 615 1060 684 aequabilitatis
1101 616 1470 670 moderatione
1504 617 1821 685 suspendat3

144 694 409 759 quatenus
467 689 711 743 Oceanus
721 732 735 757 ,
794 690 936 758 quod
999 690 1217 758 quidam
1270 690 1610 744 Atlanticum
1671 691 1824 743 aiunt

142 783 314 833 mare,
367 768 542 817 terrae
596 764 835 832 spatium
893 764 950 815 in
1013 764 1232 816 modum
1286 765 1494 818 insulae
1556 765 1822 817 undarum

144 857 362 891 suarum
418 837 830 891 circumfusione
883 838 1183 890 concludat.
1259 838 1408 891 Haec
1464 857 1586 891 cum
1641 838 1873 893 omnia6

75 934 119 966 ιο
142 911 277 964 mihi
300 930 332 964 a
355 915 425 978 te,
449 910 685 965 Mavorti
717 915 1093 964 ornamentum
1117 912 1400 981 bonorum,
1428 912 1577 966 facili
1610 913 1824 965 demon-

142 985 422 1039 strationis
475 984 791 1055 magisterio
846 986 1210 1054 traderentur,
1265 1004 1428 1039 ausus
1483 1005 1603 1039 sum
1655 986 1822 1039 etiam

140 1060 255 1129 ipse
303 1059 507 1128 aliquid
553 1058 844 1112 inconsulti
891 1059 1153 1112 sermonis
1201 1060 1512 1113 temeritate
1562 1059 1821 1129 proferre,

139 1138 203 1186 ut
240 1133 616 1203 promitterem
661 1134 764 1186 tibi
810 1132 1080 1186 editurum
1127 1152 1235 1201 me,
1287 1134 1542 1203 quicquid
1582 1134 1821 1203 Aegypti

140 1210 348 1260 veteres
381 1208 651 1276 sapientes
683 1226 746 1260 ac
777 1206 943 1259 divini
974 1207 1077 1259 viri
1100 1206 1498 1277 Babyloniique
1528 1208 1820 1276 prudentes

74 1303 117 1336 15
141 1281 206 1335 de
229 1282 283 1334 vi
315 1281 595 1334 stellarum
627 1299 688 1334 ac
719 1280 1084 1349 potestatibus
1110 1281 1321 1334 divinae
1353 1281 1512 1334 nobis
1545 1282 1820 1334 doctrinae

140 1354 455 1424 magisterio
502 1354 853 1407 tradiderunt.
930 1354 1033 1406 Fui
1080 1355 1287 1423 itaque,
1335 1356 1477 1408 sicut
1521 1356 1639 1424 ipse
1676 1356 1820 1423 novi,
1840 1359 1869 1410 7

140 1429 198 1480 in
229 1429 338 1481 ista
367 1429 724 1497 promissione
757 1428 1076 1480 temerarius
1109 1432 1165 1479 et
1198 1447 1295 1496 me,
1327 1432 1389 1481 ut
1420 1447 1610 1482 verum
1639 1432 1820 1482 tecum

139 1502 354 1572 loquar,
419 1502 730 1571 frequenter
798 1519 983 1555 severa
1052 1501 1430 1574 obiurgatione
1499 1503 1819 1572 reprehendi

140 1575 549 1645 cupiebamque‚
593 1576 640 1628 si
677 1575 1037 1644 permitterer,
1075 1579 1288 1628 mutare
1326 1577 1677 1645 promissum3
1725 1578 1819 1629 sed

72 1671 116 1704 20
138 1650 556 1718 trepidationem
579 1667 753 1702 meam
770 1649 1009 1702 hortatio
1035 1648 1116 1702 tui
1139 1651 1402 1703 sermonis
1426 1651 1597 1704 erexit
1618 1651 1825 1721 coegit:

140 1741 242 1792 que
282 1724 519 1794 aggredi,
559 1725 701 1793 quod
739 1723 1050 1792 frequenter
1081 1742 1147 1776 ex
1178 1725 1551 1793 desperatione
1591 1725 1817 1777 deserui.

138 1796 282 1850 Nam
322 1816 443 1851 cum
481 1797 585 1850 tibi
615 1797 787 1850 totius
822 1796 1062 1850 Orientis
1095 1798 1462 1868 gubernacula
1498 1798 1702 1851 domini
1734 1803 1818 1852 at-

139 1889 241 1940 que
280 1871 626 1940 imperatoris
665 1872 840 1925 nostri
882 1869 1225 1924 Constantini
1256 1871 1496 1943 Augusti
1535 1890 1724 1926 serena
1755 1891 1818 1926 ac

137 1944 466 1998 venerabilia
502 1945 703 1999 iudicia
741 1945 1113 2015 tradidissent,
1151 1946 1362 1999 nullum
1398 1946 1816 2015 praetermisisti

25 2063 27 2067 ,
72 2040 115 2073 25
139 2022 377 2089 tempus,
425 2037 532 2088 quo
570 2037 680 2072 non
719 2038 751 2072 a
787 2018 947 2072 nobis
986 2019 1250 2089 exigeres,
1298 2020 1441 2088 quod
1486 2018 1590 2072 tibi
1635 2020 1816 2072 incon-

138 2093 283 2145 sulta
343 2093 739 2162 pollicitatione
792 2091 1156 2162 promisimus,
1244 2092 1564 2146 Proconsuli
1629 2093 1814 2163 itaque
1832 2096 1864 2149 8

138 2166 242 2219 tibi
274 2170 329 2219 et
361 2167 631 2220 ordinario
667 2166 874 2221 consuli
914 2167 1195 2237 designato
1234 2167 1504 2235 promissa
1542 2167 1814 2220 reddimus

139 2244 356 2293 orantes
396 2259 458 2294 ac
496 2242 709 2294 veniam
748 2241 1105 2311 postulantes,
1141 2258 1209 2293 ne
1249 2241 1305 2293 in
1343 2240 1465 2294 istis
1496 2241 1653 2294 libris
1683 2260 1815 2310 pon-

137 2315 236 2366 dus
270 2320 324 2367 et
354 2315 534 2385 gratia
562 2315 834 2384 perfectae
867 2315 1146 2384 orationiS,
1175 2317 1442 2368 tractatus
1474 2314 1697 2368 maximi
1720 2319 1815 2368 aut

0 2414 1 2449 ς
71 2409 115 2441 30
138 2405 330 2458 graves
383 2389 678 2458 firmaeque
733 2389 1032 2442 sententiae
1077 2406 1109 2440 a
1157 2388 1433 2442 doctrinae
1490 2393 1651 2458 atque
1706 2389 1812 2442 elo·

35 2580 37 2585 x
135 2547 192 2602 cf.
226 2534 559 2592 Schneider⁴ad
592 2548 761 2593 Colum.
786 2549 878 2592 III
904 2552 947 2602 6,
978 2551 1007 2591 4
1149 2552 1171 2591 1
1205 2547 1360 2603 ration
1389 2553 1422 2591 P
1558 2553 1583 2591 2
1616 2550 1813 2605 septem-

0 2610 2 2632 ἕ
40 2668 42 2670 v
134 2605 306 2651 triones
336 2611 370 2649 P
489 2612 516 2650 6
546 2607 748 2664 positam
778 2609 825 2666 κ]
858 2606 1162 2663 compositam
1282 2613 1305 2651 7
1338 2606 1559 2663 quatinus
1589 2612 1634 2649 n
1667 2609 1674 2664 Ι
1710 2607 1811 2650 ath-

133 2708 361 2753 lanticum
492 2714 546 2753 10
577 2678 764 2755 maibrti
795 2714 840 2753 Π
881 2711 887 2767 Ι
929 2709 1175 2769 bonorum]
1204 2713 1417 2755 nostrum
1445 2725 1502 2755 κο·
1622 2714 1673 2753 11
1709 2724 1811 2753 sum

0 2834 2 2855 ἶ
43 2820 45 2825 ’
133 2810 189 2842 88.
225 2801 259 2839 P
402 2802 454 2841 13
505 2797 686 2856 aegipti
722 2804 759 2841 V
903 2802 959 2842 14
997 2770 1301 2856 babilonique
1338 2805 1371 2842 P
1416 2796 1738 2853 babiloniique
1771 2803 1810 2840 R.

134 2859 191 2899 20
228 2855 371 2912 trepi-
415 2857 504 2902 des.
542 2861 582 2900 B
621 2858 656 2912 f.
687 2861 738 2902 2¹
888 2862 943 2900 22
982 2857 1127 2902 totius
1160 2860 1210 2917 v]
1246 2858 1404 2915 potius
1443 2862 1532 2901 MV
1577 2856 1737 2914 pocius
1776 2862 1809 2900 P

136 2917 191 2958 30
222 2916 405 2973 graves]
435 2916 635 2972 grandes
665 2920 700 2959 1²

1487 2992 1542 3033 1ss
