2014 3202
643 737 910 796 LIBER
957 736 1338 806 QUINTUS

745 873 1236 943 (PRAEFATIO)
1638 882 1709 924 soz.
1732 882 1774 914 55
1796 883 1857 915 coz.
1882 882 1915 915 1.

299 1001 562 1069 Maxima,
614 999 874 1069 Mavorti,
930 999 1306 1069 promissionis
1364 1002 1581 1052 nostrae
1642 998 1874 1053 funda-l

152 1078 335 1128 menta
383 1074 703 1127 iactavimus
750 1076 804 1126 et
857 1074 1150 1142 plurimum
1195 1092 1292 1142 per
1339 1074 1536 1141 gradus
1584 1073 1826 1143 singulos
1877 1118 1882 1121 ,

109 1171 130 1204 5
155 1166 395 1202 crescens
435 1147 648 1200 adultus
682 1165 856 1200 sermo
887 1147 1130 1216 profecit.
1179 1146 1374 1200 Omnia
1406 1147 1563 1217 enim,
1595 1164 1729 1215 quae
1760 1147 1828 1199 ad

156 1222 527 1291 explicandum
569 1221 886 1290 quibusdam
934 1220 1177 1274 difficilia
1215 1221 1534 1273 videbantur
1573 1221 1698 1289 <et>
1736 1221 1828 1273 ob-

156 1295 428 1348 scuritatis
476 1295 794 1365 ambagibus
841 1295 1107 1364 involuta,
1154 1294 1315 1348 docili
1364 1293 1623 1347 sermonis
1663 1294 1827 1363 expli-

155 1368 363 1422 catione
402 1369 836 1422 monstravimus.
915 1367 972 1421 Si
1010 1369 1194 1437 itaque
1242 1386 1412 1436 capax
1448 1367 1724 1438 ingenium
1771 1371 1826 1421 et

153 1443 436 1513 flagrantis
498 1441 664 1494 animi
726 1441 988 1494 desiderio
1056 1444 1386 1495 commotum
1445 1442 1824 1510 praecedentes

87 1537 128 1568 10
151 1516 394 1569 hauserit
447 1516 617 1568 libros
672 1519 727 1567 et
781 1516 853 1568 sit
894 1519 1162 1584 oportuna
1210 1515 1488 1568 stellarum
1526 1515 1825 1568 radiatione

151 1593 484 1659 conceptum,
517 1590 582 1642 ad
614 1589 793 1641 divina
835 1588 992 1642 istius
1027 1588 1280 1643 scientiae
1313 1592 1519 1642 secreta
1548 1589 1825 1658 perveniet

150 1667 205 1716 et
243 1662 517 1716 initiatum
550 1662 798 1715 omnibus
830 1662 988 1715 istius
1023 1661 1275 1716 scientiae
1309 1662 1605 1731 disciplinis
1647 1666 1826 1716 totum

150 1737 391 1789 ordinem
423 1737 632 1790 divinae
657 1736 1124 1806 interpretationis
1151 1736 1394 1805 accipiet,
1425 1739 1487 1788 ut
1510 1735 1687 1804 possit
1710 1735 1825 1789 fata

150 1810 433 1863 hominum
479 1814 533 1862 et
580 1810 818 1863 invenire
858 1810 1061 1878 pariter
1108 1813 1162 1862 et
1201 1810 1479 1878 explicare.
1558 1808 1662 1862 Sed
1700 1810 1875 1878 plus2

88 1903 129 1936 15
154 1883 352 1951 aliquid
394 1902 425 1935 a
461 1883 618 1936 nobis
666 1886 912 1952 expectat
958 1883 1242 1952 †auditus;
1297 1883 1373 1935 sic
1421 1882 1563 1934 enim
1609 1901 1823 1951 praece-

151 1956 392 2009 dentium
430 1956 693 2008 librorum
739 1956 1006 2025 principia
1050 1956 1284 2009 formata
1335 1959 1482 2024 sunt,
1527 1959 1590 2008 ut
1636 1974 1700 2008 ex
1736 1955 1822 2009 his

153 2048 287 2098 quae
360 2029 674 2097 scripsimus
738 2029 910 2082 adhuc
979 2030 1198 2081 maioris
1270 2029 1446 2098 operis
1516 2029 1823 2082 substantia

151 2103 466 2172 requiratur.
560 2101 643 2155 Ne
698 2101 880 2170 itaque
934 2102 1284 2155 desiderantis
1344 2102 1510 2154 animi
1564 2103 1823 2172 cupidita-

151 2180 263 2229 tem
302 2175 441 2228 falsa
486 2174 842 2244 promissione
882 2175 1159 2245 decipiam,
1199 2175 1344 2228 omni
1383 2175 1614 2228 invidiae
1630 2175 1822 2230 ”livore

86 2271 129 2302 20
154 2248 398 2319 deposito
439 2253 494 2302 et
534 2249 680 2302 omni
712 2247 942 2301 desidiae
982 2252 1199 2317 torpore
1244 2249 1486 2317 proiecto
1535 2250 1600 2301 ad
1640 2267 1820 2302 cumu-

152 2323 265 2375 lata
303 2322 608 2376 matheseos
649 2326 855 2375 secreta
891 2323 1220 2390 perveniam,
1257 2341 1323 2375 ne
1355 2322 1585 2375 intentio
1624 2326 1719 2375 tua
1763 2323 1821 2375 in

152 2396 284 2464 ipsis
346 2396 625 2465 principiis
684 2395 894 2448 invidae
955 2414 1016 2448 ac
1067 2396 1368 2448 malitiosae
1430 2396 1819 2450 taciturnitatis

151 2469 286 2522 vitio
325 2469 674 2538 relinquatur.
744 2469 968 2522 Plenum
1006 2469 1187 2539 itaque
1227 2488 1360 2537 opus
1394 2470 1534 2538 quod
1574 2470 1821 2538 promisi-

299 2603 324 2641 2
358 2599 462 2642 add.
482 2614 508 2641 a
591 2603 618 2642 4
644 2601 691 2642 et
714 2599 760 2657 a]
786 2601 838 2642 ut
921 2603 946 2642 6
971 2600 1076 2643 add.
1102 2614 1165 2643 κσ
1188 2601 1346 2656 (atque
1370 2600 1414 2655 a)
1500 2602 1523 2641 7
1549 2598 1819 2642 obvolutaA

153 2661 179 2700 8
212 2656 277 2701 sic
301 2661 339 2700 Δ
366 2659 371 2715 Ι
398 2656 656 2715 ingenium]
690 2656 966 2701 desiderium
990 2662 1028 2700 A
1119 2663 1173 2701 10
1206 2657 1380 2701 auserit
1409 2658 1477 2702 vel
1509 2656 1689 2701 auxerit
1713 2659 1752 2700 Δ

156 2719 207 2758 11
241 2715 464 2760 scientiae
497 2717 693 2775 secreta]
726 2715 766 2759 si
796 2730 852 2761 ss.
880 2719 919 2759 Δ
1033 2721 1086 2760 12
1118 2716 1363 2774 prudentie
1387 2721 1420 2759 B
1462 2721 1492 2759 0
1515 2717 1589 2759 im.
1684 2721 1739 2759 14
1771 2718 1819 2760 et

146 2774 280 2828 prius
304 2779 481 2820 om.BN
565 2780 618 2819 15
645 2776 858 2831 expectat
874 2776 929 2834 Ε]
955 2777 1135 2832 spectat
1161 2777 1166 2833 Ι
1195 2776 1311 2819 velut
1336 2774 1514 2819 animus
1538 2777 1644 2818 tuus
1669 2774 1818 2830 (audi-

152 2833 227 2874 tor
249 2832 324 2890 D2)
416 2839 467 2878 17
502 2847 621 2890 quae
653 2838 791 2878 omn
881 2839 937 2877 20
969 2847 1024 2878 ex
1056 2848 1094 2879 o.
1129 2834 1170 2878 d.
1207 2847 1395 2891 corpore
1422 2836 1460 2877 Δ
1559 2838 1611 2877 21
1646 2835 1750 2878 tuta
1775 2836 1815 2878 Δ

153 2894 208 2932 22
240 2889 461 2948 invidiae,
486 2907 595 2938 corr.
615 2907 677 2936 κσ
