2014 3202
746 145 810 190 IV
834 150 902 203 13,
928 150 1101 201 13-14,
1125 159 1159 191 6.
1678 147 1785 200 225

114 270 276 324 faciet
313 269 547 337 interire,
584 267 900 338 praesertim
937 267 984 319 si
1014 266 1071 319 in
1102 266 1475 320 malivolarum
1506 267 1784 322 stellarum

118 344 287 415 signis
333 344 431 396 flat
478 343 586 395 ista
636 341 955 396 coniunctio,
1033 338 1091 394 Si
1140 359 1266 394 vero
1317 359 1347 393 a
1386 340 1652 395 Mercurio
1700 343 1836 396 ‹ie-3

116 419 286 470 fluens
339 417 492 470 Luna
553 416 760 468 minuta
821 414 1022 468 lumine
1086 415 1151 467 ad
1214 412 1504 468 Saturnum
1565 415 1786 486 feratur,

118 491 282 545 faciet
327 490 597 544 mendicos
642 506 903 558 pauperes
913 529 926 557 ,
971 487 1162 557 pannis
1204 489 1412 542 obsitos
1460 492 1514 541 et
1561 490 1785 544 miserae

76 586 96 618 5
122 565 381 635 egestatis
421 563 727 618 calamitate
760 563 1046 630 demersOS‚
1085 562 1218 615 alios
1252 562 1450 616 servire
1481 563 1538 615 in
1570 565 1786 633 templis

119 638 267 708 facit,
306 638 440 690 alios
481 636 761 690 vaticinari
800 636 1086 706 compellit.
1163 635 1319 690 Facit
1356 637 1671 706 plerumque
1710 638 1789 690 lu-

119 712 326 765 naticos
366 715 460 764 aut
501 728 773 763 sacrarum
810 711 1167 763 valitudinum
1198 710 1332 764 vitia
1364 711 1615 781 decernit,
1654 711 1788 765 facit

122 786 348 838 caducos
388 788 442 837 et
480 784 677 837 misera
723 783 1080 837 commotione
1127 785 1412 837 dementes,
1491 783 1548 838 Si
1591 804 1717 838 vero
1757 785 1841 838 a4

119 858 386 913 Mercurio
437 877 532 928 per
581 861 796 912 noctem
846 858 1080 911 defluens
1129 857 1281 910 Luna
1330 859 1539 911 minuta
1587 859 1788 912 lumine

6 935 22 943 ’
55 954 97 986 ιο
122 933 189 985 ad
229 931 522 986 Saturnum
558 931 777 1001 feratur,
817 935 910 984 aut
949 931 1143 1001 exponi
1181 931 1312 985 facit
1351 936 1444 985 aut
1484 933 1790 1002 squalorem

122 1007 348 1060 miserae
389 1006 666 1060 servitutis
712 1006 924 1074 inponit
978 1008 1072 1059 aut
1120 1023 1252 1059 onus
1301 1007 1523 1059 acerbae
1573 1006 1791 1076 captivi-

123 1080 254 1132 tatis
291 1080 500 1148 indicit3
543 1078 708 1132 etiam
746 1080 1006 1132 maximas
1045 1080 1368 1133 valitudines
1409 1083 1502 1132 aut
1540 1081 1676 1133 vitia
1708 1081 1790 1134 de-

124 1153 296 1206 cernit
335 1157 428 1206 aut
465 1153 523 1205 in
560 1154 735 1222 prima
775 1157 950 1207 aetate
988 1153 1247 1222 temporis
1286 1154 1503 1222 perimit
1535 1158 1629 1207 aut
1660 1154 1791 1209 facit

125 1228 306 1296 aliqua
354 1227 562 1280 ratione
617 1227 881 1295 damnari3
936 1228 1126 1297 quodsi
1177 1227 1314 1279 nihil
1367 1228 1561 1281 horum
1613 1228 1791 1298 fuerit,

55 1323 98 1355 15
123 1301 254 1354 facit
292 1301 637 1354 biothanatos
676 1300 910 1354 interire.

272 1376 320 1427 A
359 1374 679 1428 Mercurio
717 1374 892 1427 Luna
939 1376 1013 1428 ad
1050 1374 1276 1428 Iovem.
1356 1373 1415 1428 Si
1454 1394 1485 1428 a
1523 1374 1843 1430 Mercuri05

125 1448 359 1501 defluens
405 1448 560 1501 Luna
606 1449 672 1501 ad
716 1448 901 1502 Iovem
946 1449 1171 1518 feratur,
1224 1448 1386 1502 faciet
1432 1467 1658 1519 magnos
1702 1467 1793 1519 po·

124 1525 316 1590 tentes,
355 1523 549 1591 quibus
582 1523 969 1591 imperatorum
1000 1522 1215 1575 litterae
1252 1541 1312 1576 ac
1346 1526 1551 1576 secreta
1582 1523 1795 1576 credan-

126 1600 216 1648 tur
256 1599 349 1648 aut
389 1595 480 1665 qui
519 1597 697 1666 regias
738 1614 865 1666 opes
904 1597 1188 1667 regiosque
1221 1596 1503 1650 thesauros
1533 1597 1680 1650 fideli
1711 1601 1794 1650 tu·

56 1690 103 1723 20
126 1669 331 1722 tatione
372 1670 679 1723 custodiant
725 1673 778 1723 et
827 1671 918 1739 qui
957 1671 1014 1723 in
1052 1671 1202 1741 regia
1248 1671 1407 1724 domo
1453 1671 1671 1724 iubendi
1709 1671 1794 1724 vel

127 1743 441 1812 disponendi
485 1743 720 1797 habeant
764 1746 1113 1814 potestatem3
1163 1744 1294 1797 facit
1330 1744 1644 1814 plerumque
1683 1763 1792 1798 ma-

126 1818 328 1887 gistros
373 1818 699 1886 nuntiosque
745 1836 956 1888 regum,
1003 1819 1094 1871 sed
1134 1822 1188 1871 et
1231 1836 1488 1871 neocoros
1536 1822 1629 1871 aut
1674 1837 1794 1887 pro-

125 1890 317 1959 phetas
370 1891 502 1944 facit
557 1895 650 1944 aut
703 1892 971 1961 principes
1028 1892 1388 1959 sacerdotum,
1439 1895 1501 1944 ut
1554 1910 1619 1944 ex
1669 1892 1792 1945 istis

125 1963 420 2017 honoribus
459 1969 552 2017 aut
590 1984 655 2018 ex
690 1965 776 2019 his
816 1966 1186 2019 occasionibus
1226 1966 1459 2018 maxima
1489 1965 1598 2018 illis
1629 1964 1794 2019 felici·

15 2064 22 2073 ·
59 2058 103 2091 25
128 2037 259 2089 tatis
300 2037 918 2109 conferanturinsignia
957 2042 1010 2092 et
1047 2042 1110 2092 ut
1149 2057 1213 2091 ex
1249 2038 1334 2091 his
1368 2039 1576 2091 actibus
1608 2043 1794 2108 poten·

127 2111 266 2163 tium
317 2110 626 2164 divitiarum
678 2112 1006 2165 incrementa
1060 2112 1392 2181 conquirant.
1471 2111 1529 2166 Si
1582 2131 1708 2166 vero
1764 2131 1795 2166 a
1813 2115 1846 2167 6

127 2183 394 2237 Mercurio
433 2185 667 2238 defluens
714 2184 922 2238 minuta
967 2186 1167 2239 lumine
1206 2185 1359 2238 Luna
1397 2186 1463 2238 ad
1501 2185 1684 2240 Iovem
1723 2186 1793 2240 fe·

128 2261 294 2326 ratur,
333 2261 427 2311 aut
464 2258 766 2312 rationibus
805 2259 1090 2328 praeponit
1129 2262 1222 2312 aut
1254 2279 1317 2312 ex
1346 2259 1526 2313 fenore
1557 2260 1796 2331 negotia·

16 2380 22 2403 .-
129 2330 369 2385 tionibus
415 2331 547 2384 facit
600 2350 714 2385 esse
768 2333 1106 2402 praepositos
1168 2337 1262 2386 aut
1308 2333 1438 2387 facit
1485 2337 1692 2388 actores
1740 2337 1794 2387 et

0 2406 26 2473 *j
61 2427 108 2460 30
130 2405 280 2474 tales,
329 2405 522 2474 quibus
561 2406 778 2474 publica
816 2406 900 2458 vel
938 2407 1142 2459 fiscalia
1178 2406 1538 2460 instrumenta
1576 2408 1794 2460 credan-

0 2482 21 2506 s
129 2482 233 2549 tur,
273 2483 367 2532 aut
404 2479 730 2548 ponderibus
769 2479 998 2548 publicis
1039 2484 1132 2533 aut
1169 2481 1441 2535 fiscalibus
1481 2481 1613 2534 facit
1648 2499 1796 2550 prae-

280 2643 303 2682 1
337 2638 402 2681 im
431 2643 468 2681 B
588 2643 613 2682 2
648 2638 707 2681 ad
737 2652 859 2682 merc
887 2639 892 2697 Ι
919 2653 1002 2696 per
1030 2642 1213 2684 noctem
1244 2641 1447 2684 defluens
1478 2645 1523 2682 Μ
1620 2645 1645 2683 3
1677 2639 1795 2683 fera·

131 2698 209 2739 tur
241 2699 323 2740 aut
353 2701 519 2753 exponi
550 2702 594 2740 u
742 2702 768 2740 5
802 2697 1023 2755 egestatis
1054 2698 1125 2758 A']
1158 2699 1301 2757 gestis
1333 2701 1390 2754 cf.
1414 2702 1521 2753 229,
1549 2710 1599 2742 11.
1631 2702 1796 2753 241,2,·

132 2754 274 2799 vestis
302 2773 331 2800 κ
416 2758 423 2765 “
451 2762 476 2801 6
508 2755 737 2814 uaginari‚
770 2770 880 2801 corr.
914 2772 940 2800 σ
969 2758 1026 2811 ef.
1049 2762 1214 2813 233,2.⁵
1315 2763 1367 2801 12
1400 2756 1722 2801 ualitutidines
1752 2762 1797 2800 Π

136 2817 191 2856 16
223 2813 272 2857 Si
302 2828 331 2858 a
360 2828 485 2859 marc
515 2821 593 2859 PR
758 2820 812 2858 19
844 2815 966 2872 fidei,
997 2830 1107 2862 corr.
1140 2835 1167 2862 κ
1206 2821 1211 2874 Ι
1249 2816 1449 2861 tuitione
1479 2821 1512 2859 P
1549 2817 1652 2871 fort.
1685 2822 1797 2862 reete

136 2876 190 2913 22
222 2871 457 2918 ineorocos
480 2879 525 2917 n
554 2874 790 2918 ineocoros
821 2879 898 2917 PB
929 2889 1039 2919 corr.
1065 2875 1113 2919 A'
1207 2881 1262 2920 23
1287 2877 1357 2935 ut]
1392 2877 1473 2918 aut
1495 2879 1539 2917 Π
1629 2880 1684 2918 25
1716 2890 1797 2932 po-

132 2930 386 2984 tentiarum
415 2938 460 2975 Π
585 2938 638 2977 27
670 2947 796 2977 marc
827 2938 905 2976 PB
1053 2939 1108 2979 28
1140 2934 1287 2979 fenori
1423 2939 1476 2977 29
1512 2936 1721 2978 auctores
1753 2939 1798 2977 Η

223 3013 509 3056 F1nmcus‚ed.
534 3016 673 3049 Kroll
696 3018 733 3048 et
758 3016 972 3050 Skutsch.
1000 3017 1030 3048 Ι.
1480 3013 1532 3051 15
