2014 3202
810 165 874 209 IV
899 169 968 221 20,
994 169 1146 221 7—21‚
1172 177 1206 210 5.
1739 165 1846 218 261

180 305 329 339 arma
374 287 600 340 ducatus
647 304 708 339 ac
756 285 1009 357 gloriam,
1055 285 1332 338 licentiam
1378 285 1546 356 gladii
1593 289 1647 338 et
1688 287 1853 339 maxi-
1940 339 1943 347 ,Ἴ

179 378 389 413 marum
426 362 758 429 potestatum
799 359 1035 412 decernit
1072 359 1323 430 insignia,
1361 362 1524 428 prout
1565 377 1621 413 se
1654 360 1854 414 decreti

179 434 352 486 totius
388 436 631 502 potestas
671 433 946 495 extulerit,
987 436 1080 485 aut
1120 436 1263 486 certe
1297 433 1469 486 claras
1502 436 1646 487 artes
1678 437 1733 486 et
1763 451 1854 487 no-

179 507 318 560 biles
365 525 430 560 ex
475 507 590 577 igni
637 510 692 560 et
737 524 802 559 ex
846 506 990 559 ferro
1037 506 1170 560 facit
1216 510 1271 560 et
1319 525 1454 576 quae
1501 507 1567 559 ad
1615 508 1856 560 omnium

135 602 156 634 5
181 580 463 634 scientiam
510 580 718 633 famoso
764 580 1068 634 nobilitatis
1115 580 1314 634 indicio
1363 580 1716 649 perferantur.
1789 581 1855 634 In

178 654 351 725 pigris
399 657 580 707 autem
634 657 690 706 et
736 654 955 707 deiectis
1002 654 1136 707 loeis
1192 655 1521 707 constitutus
1570 658 1624 707 et
1668 654 1723 707 in
1768 654 1855 707 his

181 728 365 797 sigum,
403 727 461 780 in
500 727 693 797 quibus
724 746 835 780 non
867 727 1081 799 gaudet,
1118 728 1374 780 honestas
1408 728 1664 797 quasdam
1695 731 1856 799 artes,

179 801 271 854 sed
311 819 432 854 cum
478 801 824 872 ignobilitate
865 802 1117 856 decernit.
1195 799 1397 863 Quodsi
1436 803 1513 855 sic
1551 801 1727 855 Marte
1765 805 1909 872 po=3

180 874 285 927 sito
325 875 504 928 radios
552 893 678 928 suos
726 875 1006 928 benivolae
1046 876 1505 928 commodaverint
1542 876 1756 946 stellae,
1794 894 1858 930 ex

111 969 156 1002 ιο
181 952 307 1001 actu
351 949 437 1001 vel
485 967 549 1001 ex
597 967 778 1018 opere,
835 949 1207 1018 quodcumque
1252 949 1417 1002 fuerit
1464 950 1760 1020 decretum,
1805 953 1860 1003 et

179 1021 411 1091 gloriam
437 1022 706 1091 quandam
731 1027 1086 1092 consequetur
1110 1026 1165 1075 et
1191 1023 1527 1076 substantiae
1551 1023 1854 1076 facultates.

182 1093 240 1148 Si
277 1114 404 1148 vero
444 1097 686 1149 desertus
725 1095 872 1150 Mars
913 1115 945 1148 a
982 1097 1248 1150 benivolis
1287 1096 1453 1149 fuerit
1494 1097 1701 1150 habens
1740 1097 1856 1166 ipse

181 1169 497 1222 decernendi
537 1173 690 1223 actus
729 1173 1058 1239 potestatem
1098 1173 1153 1223 et
1193 1189 1315 1223 eum
1346 1171 1633 1224 malivolae
1666 1171 1856 1224 stellae

179 1244 536 1312 respexerint,
589 1243 753 1297 faciet
806 1244 1077 1297 subiectos
1131 1244 1433 1297 laboriosos
1488 1248 1544 1297 et
1598 1244 1691 1313 qui
1737 1245 1859 1314 plus

117 1337 157 1370 15
181 1315 475 1386 inpendant
515 1335 675 1386 quam
714 1318 824 1370 illis
864 1336 930 1371 ex
969 1318 1081 1371 suis
1121 1318 1329 1371 artibus
1370 1317 1693 1371 conferatur.

329 1389 550 1444 Venus,
630 1390 688 1444 Si
740 1410 867 1444 vero
906 1391 1090 1444 Venus
1139 1395 1291 1445 actus
1339 1392 1636 1446 decreverit
1682 1395 1737 1445 et
1784 1391 1911 1447 sit4

184 1463 398 1530 [diurna
437 1463 710 1534 genitura]
747 1466 834 1518 vel
872 1465 930 1518 in
969 1466 1127 1518 domo
1168 1483 1264 1518 sua
1300 1466 1387 1518 vel
1426 1466 1484 1518 in
1514 1466 1713 1518 finibus
1746 1465 1858 1518 suis

182 1540 237 1590 et
283 1537 357 1590 sit
402 1538 460 1590 in
502 1538 804 1608 horoscopo
851 1538 1124 1609 partiliter
1171 1539 1470 1592 constituta
1514 1543 1607 1592 aut
1644 1540 1704 1592 in
1740 1537 1859 1592 MC.

182 1614 277 1663 aut
315 1611 373 1663 in
411 1611 504 1665 XI.
543 1613 611 1664 ab
650 1612 953 1682 horoscopo
992 1613 1113 1665 loco
1154 1616 1249 1666 aut
1286 1613 1344 1665 in
1384 1612 1450 1665 V.
1487 1643 1547 1651 —
1586 1616 1641 1666 et
1679 1613 1736 1665 in
1772 1612 1859 1665 his

31 1698 34 1699 ’
116 1706 159 1737 20
183 1684 325 1737 enim
366 1685 663 1738 constituta
708 1686 842 1739 locis
891 1687 1010 1756 ipsa
1057 1686 1295 1739 decernit
1333 1718 1406 1725 —-
1445 1689 1499 1739 et
1539 1687 1587 1739 si
1627 1685 1700 1740 sit
1738 1704 1860 1739 noc-

182 1761 343 1811 turna
373 1759 638 1829 genitura,
677 1759 829 1813 dabit
860 1777 1086 1830 magnos
1120 1763 1273 1813 actus
1305 1764 1360 1813 et
1398 1777 1623 1830 magnae
1656 1760 1860 1831 gloriae

183 1832 422 1884 decernit
458 1833 709 1903 insignia,
747 1834 1068 1903 praesertim
1107 1834 1153 1886 si
1192 1852 1311 1886 eam
1350 1834 1427 1887 sic
1464 1833 1701 1903 positam
1738 1833 1859 1902 Iup-

181 1904 325 1973 piter
370 1907 639 1976 trigonica
683 1907 984 1960 radiatione
1029 1908 1327 1976 respexerit
1374 1910 1468 1960 aut
1514 1908 1561 1960 si
1599 1906 1754 1959 Luna
1792 1907 1859 1959 ad

184 1996 302 2030 eam
354 1978 559 2033 feratur
593 1981 825 2033 -minuta
872 1980 1191 2048 luminibus3
1238 1981 1297 2032 in
1343 1983 1499 2033 tanta
1548 1980 1691 2033 enim
1741 1997 1859 2033 con-

118 2073 161 2106 25
186 2051 370 2104 stituit
418 2052 638 2106 licentia
685 2054 999 2123 potestatis,
1050 2057 1112 2105 ut
1164 2055 1294 2123 iste,
1348 2053 1439 2123 qui
1486 2053 1562 2107 sic
1608 2054 1860 2106 habuerit

185 2124 467 2195 Venerem,
505 2127 724 2196 regibus
762 2127 847 2179 vel
879 2127 1297 2196 imperatoribus
1330 2127 1648 2180 conferatur.
1710 2127 1913 2183 Tunc5

186 2217 410 2251 coronas
467 2218 676 2269 aureas,
731 2204 860 2253 tunc
908 2202 1217 2270 praetextas
1273 2201 1510 2253 decernit
1565 2219 1860 2270 aureasque

183 2272 451 2341 palmatas
480 2273 605 2341 <et>
631 2273 994 2326 consularium
1025 2275 1111 2326 vel
1142 2274 1606 2343 proconsularium
1631 2275 1860 2328 fascium

185 2346 441 2399 nobilitat
493 2350 788 2416 potestate3
848 2347 1010 2400 faciet
1071 2365 1169 2416 pro
1233 2348 1449 2401 climate
1505 2351 1559 2401 et
1612 2366 1862 2401 mensura

337 2539 359 2578 1
394 2534 842 2594 maxilmaximarum
864 2540 909 2579 u
1036 2540 1062 2579 3
1094 2535 1238 2580 totius
1264 2537 1308 2594 σ]
1339 2535 1495 2593 potius
1617 2541 1642 2579 5
1673 2535 1861 2593 iudicio,

186 2607 299 2638 corr.
325 2608 389 2638 κσ
473 2598 496 2637 7
528 2607 622 2638 non
645 2608 726 2638 mn.
753 2598 797 2636 Π
880 2600 932 2638 11
966 2595 1168 2655 quedam
1190 2600 1235 2638 u
1267 2595 1467 2651 quedam
1489 2599 1551 2637 ΒΕ
1642 2600 1696 2638 15
1721 2608 1863 2650 quam

187 2651 302 2711 ΩΧ]
335 2666 424 2709 que
452 2655 458 2709 Ι
486 2666 575 2709 que
606 2652 700 2696 illis
731 2654 931 2710 yeminat
950 2658 995 2696 Π
1030 2654 1036 2712 Ι
1068 2653 1295 2711 partibus,
1328 2668 1439 2699 corr.
1464 2671 1492 2697 κ
1520 2655 1525 2711 Ι
1554 2653 1861 2711 conferantur,

186 2725 298 2756 corr.
326 2710 443 2760 QbA‘
568 2716 621 2755 17
655 2713 738 2756 del.
763 2729 805 2768 κ,
837 2714 886 2755 et
916 2712 954 2756 si
987 2712 1049 2757 sit
1077 2714 1304 2757 nocturna
1335 2712 1550 2770 genitura
1581 2711 1717 2756 dabit
1745 2713 1798 2757 in
1819 2727 1859 2757 v.

185 2773 249 2814 20
263 2785 325 2826 sq.
351 2770 400 2813 A'
433 2771 517 2815 del.
536 2785 789 2827 perperam,
818 2773 1033 2827 quoniam
1056 2772 1206 2817 Venus
1229 2772 1508 2817 condicionis
1530 2777 1593 2816 est
1614 2777 1862 2816 ‘noctwmae

187 2833 228 2872 et
257 2830 309 2873 in
337 2835 562 2874 nocturna
582 2831 795 2887 =(lenitura
811 2831 995 2886 potiora
1018 2831 1214 2875 decernit
1313 2835 1366 2874 19
1396 2830 1521 2874 hosc.
1538 2835 1577 2872 B.
1603 2832 1609 2886 Ι
1638 2832 1685 2873 et
1707 2831 1754 2889 κ]
1780 2833 1863 2875 aut

187 2888 245 2941 cf.
271 2888 332 2931 ad
354 2891 460 2942 234,
476 2899 519 2929 24
602 2893 658 2932 20
690 2887 729 2931 si
753 2902 835 2932 om.
860 2893 905 2931 Π
987 2893 1043 2932 22
1075 2903 1131 2934 ea
1153 2894 1198 2932 Π
1281 2894 1336 2933 24
1370 2902 1471 2932 eam
1495 2887 1567 2947 A‘]
1600 2902 1703 2932 eum
1728 2889 1862 2948 {con-

190 2945 400 2990 stituitur
423 2950 502 2988 PB
583 2951 638 2991 28
671 2949 718 2991 et
750 2948 853 2991 add.
881 2965 907 2991 κ
935 2949 941 3005 Ι
968 2947 1164 2992 fascium
1187 2947 1410 2992 nobilitat
1432 2949 1479 3006 κ]
1510 2947 1691 2992 faciunt
1712 2947 1863 2992 nobili
