2014 3202
793 107 858 152 ΠΙ
881 112 921 165 2,
947 112 1092 165 23—3,
1116 121 1150 153 3.
1713 110 1818 163 105

291 229 394 284 Sed
433 231 490 283 in
527 230 612 284 his
653 230 903 283 omnibus
941 229 1076 282 locis
1118 227 1350 282 Saturno
1388 230 1567 299 posito
1606 234 1816 300 partem
1834 233 1902 285 27

144 304 258 357 eius
299 304 586 373 diligenter
624 304 850 373 inquire,
887 307 950 355 ut
984 303 1240 372 invenias,
1278 303 1334 356 in
1368 322 1474 373 quo
1506 305 1625 358 loco
1666 308 1721 358 et
1758 306 1817 358 in

143 379 338 448 quibus
377 379 575 431 finibus
622 377 1149 430 duodecatemorium
1196 378 1310 430 eius
1358 379 1431 431 sit
1478 378 1818 445 collocatum,

143 456 205 505 ut
257 470 320 505 ex
366 452 830 504 duodecatemorio
886 453 941 503 et
994 469 1058 503 ex
1111 451 1310 504 finibus
1366 452 1819 506 duodecatemorii

101 549 120 582 5
147 544 358 580 omnem
399 524 618 579 Saturni
655 524 896 578 invenias
935 528 1280 593 potestatem.

723 701 823 755 III.
878 701 1238 756 IUPPITER.

293 804 350 859 Si
389 805 633 876 Iuppiter
670 806 728 858 in
766 807 943 876 primo
984 806 1198 859 cardine
1236 807 1509 876 partiliter
1546 806 1603 859 id
1641 810 1725 860 est
1763 807 1867 860 inl

142 882 295 948 parte
335 880 623 964 horoscopi
661 880 826 933 fuerit
866 880 1218 949 constitutuS,
1263 881 1319 932 in
1366 881 1452 933 his
1499 880 1819 964 praesertim

146 953 330 1037 signiS,
370 954 427 1006 in
466 955 675 1038 quibus·
701 955 913 1023 gaudet,
951 955 1036 1007 vel
1074 954 1132 1006 in
1172 953 1282 1007 suis
1315 954 1600 1008 domiciliis
1640 955 1725 1008 vel
1764 955 1820 1007 in

80 1051 124 1083 ιο
147 1028 258 1080 31113
298 1028 497 1080 finibus
535 1029 620 1081 vel
660 1028 718 1080 in
757 1029 1043 1081 altitudine
1084 1046 1202 1097 sua,
1251 1028 1415 1082 faciet
1452 1028 1664 1081 nobiles
1704 1029 1821 1098 glo—

145 1102 319 1155 riosos
352 1103 562 1172 magnis
596 1121 806 1171 semper
828 1102 1168 1171 praepositos
1193 1101 1521 1171 civitatibus,
1551 1102 1821 1155 interdum

145 1193 465 1245 magnarum
498 1176 778 1229 civitatum
812 1177 995 1229 decem
1025 1177 1230 1245 primos
1261 1194 1359 1245 pro
1396 1194 1648 1229 mensura
1680 1178 1823 1246 geni-

146 1253 321 1319 turae,
366 1250 538 1302 bonos
578 1253 832 1302 venustos
870 1250 1150 1303 benivolos
1188 1250 1361 1303 laetos
1410 1250 1628 1320 divites,
1673 1269 1821 1319 prae-

148 1323 336 1375 sertim
386 1323 432 1376 si
476 1342 573 1392 per
619 1324 760 1376 diem
805 1324 861 1376 in
906 1324 1196 1392 horoscopi
1239 1324 1487 1393 partibus
1533 1323 1698 1391 fuerit
1747 1325 1824 1377 in-

83 1418 124 1450 15
148 1400 338 1449 ventus
394 1402 447 1450 et
495 1397 541 1450 si
585 1397 737 1450 nulla
786 1398 1042 1450 malivola
1088 1398 1246 1450 stella
1301 1398 1378 1450 sic
1429 1397 1477 1450 ei
1524 1398 1704 1467 posito
1760 1417 1824 1451 ex

149 1470 329 1539 aliqua
373 1473 526 1540 parte
575 1472 855 1524 restiterit.
932 1469 1075 1524 Nam
1127 1473 1173 1523 si
1219 1471 1402 1524 Iovem
1459 1470 1536 1525 sic
1585 1472 1826 1540 positum

148 1544 402 1597 malivola
442 1545 600 1598 stella
639 1545 912 1598 contraria
950 1545 1248 1597 radiatione
1288 1546 1608 1615 respexerit,
1648 1550 1826 1599 totum

148 1618 403 1687 quicquid
426 1619 670 1688 Iuppiter
694 1619 990 1672 decreverit
1022 1637 1086 1671 ex
1110 1619 1344 1672 maxima
1367 1623 1521 1688 parte
1548 1618 1822 1673 minuitur.

150 1691 207 1745 Si
238 1711 364 1744 vero
395 1712 491 1776 per
521 1697 735 1746 noctem
770 1692 828 1745 in
858 1693 1146 1762 horoscopi
1177 1696 1331 1763 parte
1363 1694 1529 1746 fuerit
1559 1694 1824 1759 inventUS‚
1841 1695 1876 1747 2

81 1788 124 1820 20
146 1765 309 1818 faciet
346 1767 582 1835 primum
620 1767 772 1820 nasci
811 1767 952 1819 inter
989 1766 1186 1819 fratres
1226 1767 1325 1835 vel,
1366 1768 1457 1836 qui
1490 1771 1614 1820 ante
1646 1769 1825 1838 ipsum

146 1843 305 1892 natus
352 1840 538 1907 fuerit,
593 1842 857 1894 interimit
922 1841 1006 1893 vel
1062 1841 1120 1893 in
1172 1841 1485 1912 longinquis
1533 1860 1654 1894 eum
1701 1843 1826 1912 †se-

147 1913 360 1982 paravit
406 1918 461 1966 et
501 1914 788 1967 constituit
830 1915 1143 1984 regionibus
1192 1933 1255 1969 ac
1292 1916 1451 1983 lociS,
1499 1918 1560 1967 ut
1605 1916 1720 1984 ipse
1768 1916 1825 1968 in

148 1990 373 2055 paterna
412 1988 570 2041 domo
609 1988 810 2042 habeat
840 1989 1219 2057 principatum.
1281 1988 1436 2041 Facit
1476 1992 1657 2041 autem
1689 1990 1824 2042 bene

148 2060 346 2112 nutriri
378 2065 432 2114 et
462 2067 712 2130 parentes
747 2063 859 2115 eius
892 2062 948 2114 in
973 2063 1206 2114 maxima
1229 2062 1490 2115 felicitate
1524 2063 1821 2116 constituit.
1868 2075 1872 2078 ’

4 2159 13 2182 .-
83 2156 124 2189 25
150 2134 353 2197 Quodsi
410 2134 486 2188 sic
543 2155 639 2204 per
688 2135 1080 2189 noctem-Iove
1131 2136 1312 2204 posito
1362 2136 1616 2188 malivola
1667 2137 1825 2190 stella

149 2209 430 2277 restiterit,
469 2227 683 2263 omnem
719 2214 1002 2279 paternam
1039 2228 1096 2261 ac
1130 2212 1429 2262 maternam
1463 2210 1825 2264 substantiam

149 2281 451 2352 dissipabit.
530 2282 751 2352 Semper
791 2287 970 2335 autem
1011 2282 1256 2351 Iuppiter
1294 2283 1351 2335 in
1391 2284 1697 2336 cardinibus
1738 2285 1874 2355 ge-3

148 2356 362 2409 niturae
402 2357 697 2410 collocatus
738 2361 831 2410 aut
866 2358 1070 2426 primos
1110 2357 1259 2410 nasci
1298 2357 1462 2410 faciet
1502 2361 1595 2410 aut
1626 2358 1822 2412 fratres

298 2491 323 2529 3
363 2486 532 2530 finibus
571 2501 652 2531 om.
687 2492 724 2530 V
766 2488 772 2545 Ι
815 2486 1225 2530 duodecathemor-
1264 2486 1450 2544 (-iorum
1487 2490 1562 2542 V),
1602 2489 1706 2532 item
1737 2489 1765 2531 l.
1796 2494 1825 2532 4

151 2545 350 2602 (decath.
383 2547 512 2590 tertio
545 2547 637 2590 loco
667 2549 728 2602 Π)
757 2548 762 2603 Ι
791 2546 888 2589 61113
927 2544 989 2589 311
1019 2560 1074 2590 ex
1104 2545 1256 2589 euasit
1292 2547 1441 2600 facere
1472 2547 1614 2590 voluit
1643 2551 1709 2599 Π,
1748 2548 1825 2591 sed

151 2610 214 2649 est
245 2604 456 2649 eiusiasit
546 2610 571 2649 6
603 2607 737 2650 inser.
771 2620 852 2649 om.
879 2609 958 2647 PB
990 2604 1046 2647 de
1077 2604 1181 2648 ioue
1206 2609 1243 2647 V
1336 2609 1359 2648 7
1391 2605 1516 2648 idest
1539 2606 1585 2663 κ]
1619 2605 1658 2648 31
1687 2605 1827 2661 (idest

153 2663 192 2706 31
223 2662 291 2719 Δ’)
399 2670 423 2708 9
455 2664 528 2707 vel
558 2663 609 2707 in
632 2665 859 2721 posterius
889 2665 935 2721 κ]
968 2662 1112 2706 etiam
1227 2668 1279 2706 12
1313 2664 1473 2707 decem
1504 2665 1584 2721 κσ]
1618 2663 1827 2708 decernit

155 2727 209 2764 13
240 2725 463 2778 uetustos,
495 2737 606 2768 corr.
640 2723 688 2766 A‘
720 2724 725 2781 l
752 2736 900 2779 praes.
932 2735 1015 2778 per
1045 2722 1168 2766 diem
1200 2723 1238 2766 si
1268 2722 1366 2766 hor.
1398 2727 1443 2765 Μ
1564 2728 1617 2766 15
1656 2723 1825 2779 posita,

153 2795 264 2825 corr.
297 2786 335 2824 A
441 2787 494 2825 16
526 2782 752 2826 restiterit
782 2783 829 2840 κ]
860 2781 1114 2838 respexerit
1227 2786 1281 2825 18
1314 2783 1388 2840 ex]
1421 2784 1468 2825 et
1498 2786 1531 2823 P
1633 2786 1686 2824 21
1721 2795 1826 2826 eum

155 2852 334 2896 semper
372 2840 616 2885 constituit
646 2858 673 2885 κ
713 2840 951 2897 separabit
980 2839 1029 2884 A‘
1069 2842 1127 2896 cf.
1160 2842 1265 2885 add.
1397 2845 1452 2884 25
1483 2839 1759 2899 malilliuola
1788 2845 1825 2883 B

156 2902 209 2940 27
245 2897 492 2955 dissipabit
522 2900 646 2958 Sittl]
679 2899 878 2955 dissipat
908 2901 961 2942 111
