2014 3202
742 164 805 207 111
831 168 899 221 11,
924 168 1098 221 16-12,
1123 178 1156 210 1.
1685 163 1786 216 181

117 285 265 338 dunt.
339 285 403 338 In
443 286 600 338 domo
639 303 766 338 vero
809 283 1034 338 Veneris
1082 288 1176 337 aut
1214 285 1272 336 in
1308 284 1555 353 partibus
1596 284 1793 338 consti-

117 359 225 411 tuti
263 359 469 412 faciunt
507 360 787 424 linteoneS‚
834 361 1071 411 textores
1112 359 1430 427 tunicarum,
1478 359 1788 427 plumariOS,

119 434 391 499 tinctores,
434 436 676 486 aromata
714 436 808 485 aut
848 449 1090 501 gemmas
1131 436 1225 485 aut
1256 432 1578 502 margaritas
1612 431 1794 501 aliqua

119 506 326 560 ratione
366 510 679 560 tractantes,
753 505 819 558 In
855 504 998 559 Iovis
1049 525 1173 559 vero
1214 506 1372 558 domo
1411 507 1495 559 vel
1536 506 1592 558 in
1630 505 1794 574 parti-

75 602 94 634 5
119 581 220 633 bus
271 580 554 634 constituti
593 619 795 635 ......
835 580 1098 634 scelerata
1149 599 1210 633 ac
1260 580 1563 633 facinorosa
1616 579 1794 632 officia

119 657 438 723 tractantes3
490 652 693 707 facient
743 654 886 706 enim
936 658 1171 706 tortores
1223 654 1499 706 carnifices
1545 653 1793 706 interfec-

120 732 266 781 tores
307 727 572 780 delatores
612 728 916 796 proditores
957 746 1191 780 suorum.
1251 727 1316 779 In
1354 726 1494 780 Solis
1533 745 1661 780 vero
1701 730 1795 780 aut

118 801 300 854 Lunae
340 802 500 854 domo
540 802 776 854 aerarios
816 801 1255 854 ferramentarios
1290 801 1580 854 statuarios
1612 801 1796 870 pellio-

118 893 213 928 nes
254 876 524 928 coriorum
563 875 879 943 infectoreS,
924 876 991 927 ab
1039 875 1165 945 igne
1213 879 1307 927 aut
1353 893 1417 927 ex
1462 874 1604 927 ferro
1651 874 1796 928 vitae

5 954 15 959 ’
54 970 95 1002 10
120 948 361 1002 subsidia
416 954 747 1018 quaerentes
844 948 1142 1001 Inmutatio
1197 949 1340 1001 enim
1391 948 1669 1019 signorum
1722 948 1796 1001 di-

20 3128 42 3202 RN

119 1041 397 1076 versorum
436 1023 781 1093 negotiorum
820 1026 972 1075 actus
1012 1023 1266 1077 decernit.

268 1097 331 1150 In
379 1098 659 1150 undecimo
707 1098 827 1149 loco
867 1096 1165 1149 Mercurius
1213 1115 1335 1150 cum
1374 1096 1549 1149 Marte
1595 1098 1797 1165 pariter
1817 1097 1884 1149 19

120 1170 451 1224 constitutus
490 1170 655 1224 faciet
693 1171 867 1239 perire
908 1188 1120 1238 semper
1159 1170 1217 1222 in
1246 1187 1443 1240 pugna,
1484 1171 1620 1223 alios
1654 1189 1798 1223 ama-

120 1248 265 1297 tores
305 1245 606 1328 palaestrae
638 1243 816 1312 faciet‚
855 1244 990 1297 alios
1024 1262 1312 1313 armorum,
1352 1245 1444 1296 sed
1475 1244 1646 1297 fortes
1679 1262 1799 1298 con-

55 1339 97 1372 15
122 1318 257 1370 siliis
297 1321 352 1370 et
391 1319 483 1387 qui
522 1337 587 1370 ex
634 1319 883 1371 omnibus
932 1318 1142 1371 actibus
1189 1317 1374 1370 felices
1423 1336 1634 1387 semper
1683 1335 1799 1386 pro-

122 1410 302 1444 cessus
343 1392 626 1461 accipiant.

268 1465 333 1517 In
373 1465 686 1518 duodecimo
725 1466 846 1519 loco
886 1465 952 1517 ab
991 1466 1294 1534 horoscopo
1340 1464 1624 1518 constituti
1662 1465 1800 1518 Mer·
1816 1466 1888 1520 20

122 1538 327 1665 cussiug
335 1543 398 1665 tet
436 1539 583 1592 Mars
625 1539 754 1608 quid
791 1539 1017 1608 faciant,
1067 1542 1251 1599 sextus
1299 1539 1450 1592 locus
1491 1540 1800 1608 specialiter

122 1631 181 1666 os
211 1631 275 1665 en
313 1632 331 1664 1
359 1654 370 1665 .

56 1767 98 1798 20
443 1744 562 1798 XII.
602 1744 1034 1799 MERCURIUS
1074 1745 1168 1798 ET
1209 1744 1475 1800 VENUS.

269 1849 334 1901 In
371 1848 674 1918 horoscopo
714 1848 1011 1902 Mercurius
1053 1853 1107 1902 et
1143 1849 1328 1902 Venus
1368 1848 1641 1918 partiliter
1680 1867 1800 1902 con·
1857 1850 1884 1902 1

124 1921 305 1974 stituti
345 1922 403 1974 in
448 1922 639 1975 diurna
685 1923 935 1993 genitura
980 1923 1189 1975 faciunt
1234 1923 1498 1975 scutarios
1546 1923 1631 1975 vel
1679 1940 1799 1991 pro-

124 1998 357 2049 tectores
389 1996 777 2065 imperatorum
808 1997 895 2050 vel
928 1997 1020 2065 qui
1043 1997 1263 2066 proprio
1291 1996 1545 2049 excubitu
1570 1995 1802 2049 salutem

124 2069 383 2138 principis
410 2073 623 2122 servent
648 2074 743 2122 aut
776 2069 868 2138 qui
898 2070 1153 2138 pecunias
1179 2073 1273 2122 aut
1305 2069 1589 2122 thesauros
1621 2071 1801 2140 regios

60 2163 101 2196 25
127 2142 237 2195 suis
288 2143 577 2195 iubeantur
627 2142 1073 2211 dispositionibus
1124 2144 1447 2213 gubernare,
1499 2146 1554 2195 et
1605 2143 1800 2212 quibus

126 2215 495 2269 huiuscemodi
547 2216 1073 2269 administrationum
1126 2217 1306 2270 officia
1359 2216 1667 2280 credantur3
1721 2218 1802 2269 fa-

126 2290 269 2343 cient
319 2290 462 2342 enim
508 2288 741 2343 musicos
791 2289 1034 2343 choricos
1082 2293 1136 2342 et
1185 2291 1277 2359 qui
1327 2290 1563 2343 musicos
1613 2292 1802 2344 modos

124 2363 328 2416 faciant
368 2366 461 2416 aut
499 2367 642 2416 certe
680 2364 927 2432 publicos
967 2364 1260 2433 magistros
1301 2368 1395 2417 aut
1435 2368 1677 2418 oratores
1709 2370 1803 2417 aut

273 2485 300 2522 4
331 2478 594 2522 radiatione
624 2483 756 2521 MPB
794 2481 800 2535 Ι
840 2479 975 2522 domo
1007 2491 1116 2522 uero
1147 2482 1306 2522 HR⁸V
1456 2484 1481 2522 5
1513 2479 1802 2536 praepositos

125 2537 300 2581 facient
330 2537 541 2581 tribunos
575 2540 657 2581 aut
686 2538 833 2594 suppl.
861 2542 895 2586 Q,
925 2536 1214 2595 praepositos
1246 2537 1458 2582 tribunos
1482 2538 1695 2596 regiones
1722 2541 1804 2582 aut

127 2595 343 2640 ciuitates
377 2596 559 2652 aliquas
600 2596 884 2652 obtinentes,
931 2596 980 2639 in
1019 2597 1155 2640 domo
1188 2596 1376 2640 Saturni
1407 2597 1479 2641 vel
1510 2596 1560 2640 in
1589 2597 1802 2654 partibus

130 2655 373 2699 constituti
403 2655 452 2698 A'
485 2670 579 2700 ‘non
610 2657 724 2700 male
751 2657 756 2713 Ι
783 2654 1043 2699 facinerosa
1066 2654 1171 2698 an
1291 2661 1316 2699 6
1348 2656 1463 2700 facit
1485 2660 1522 2698 V
1643 2661 1666 2699 7
1701 2670 1805 2699 suo-

128 2728 229 2756 rum
260 2715 303 2780 σ]
337 2728 494 2758 eorum
625 2719 651 2757 8
685 2714 882 2773 err-arios
913 2719 952 2757 Β.
1079 2720 1134 2758 10
1164 2714 1430 2758 immutatio
1463 2714 1586 2758 enim
1617 2713 1687 2773 A']
1721 2715 1805 2758 im-

128 2775 435 2817 mutat1onem
475 2773 607 2840 (inm-
638 2775 700 2830 M)
853 2778 906 2816 13
940 2787 1119 2831 semper
1147 2774 1298 2830 perire
1329 2779 1373 2816 Μ
1524 2778 1575 2816 17
1609 2773 1740 2817 Iooco
1771 2779 1805 2816 P

130 2834 186 2873 20
219 2831 276 2875 de
308 2831 630 2876 coniunctione
661 2831 876 2876 mercurii
909 2835 957 2876 et
990 2832 1170 2876 ueneris
1202 2837 1239 2875 V
1382 2837 1436 2875 21
1468 2831 1521 2875 In
1552 2832 1805 2889 horoscopo

131 2902 212 2932 om.
238 2893 275 2931 V
388 2896 444 2934 24
474 2891 722 2948 peccunias
746 2896 823 2934 PV
944 2896 999 2935 26
1030 2891 1374 2936 huiusscemodi
1404 2896 1437 2934 P
1467 2891 1736 2935 huscemodi
1767 2896 1807 2934 Β.

131 2951 186 2990 27
219 2962 282 2991 απ
308 2947 482 2994 etiam?
