2014 3202
236 136 343 189 228
961 134 1189 180 FIRMICI

238 256 473 309 minibus
506 255 816 323 destinabit,
849 255 1093 310 efficaces
1125 255 1395 310 terribiles
1427 255 1667 309 famosos
1701 260 1755 309 et
1786 275 1921 327 quor

238 349 357 382 rum
398 329 636 382 officium
677 329 743 381 ad
783 330 1023 383 omnium
1062 331 1423 399 †crebrorum
1461 330 1660 382 notitia
1698 349 1911 384 movere

159 406 223 458 12
241 403 532 473 perveniat.
625 401 827 464 Quodsi
878 402 936 456 in
994 404 1296 474 horoscopo
1350 404 1435 457 vel
1488 403 1546 455 in
1601 403 1788 472 quinto
1843 405 1910 458 ab

242 478 544 549 horoscopo
583 476 702 529 loco
743 475 918 530 Marte
957 478 1041 530 vel
1076 477 1229 531 Luna
1267 477 1566 531 constituta
1603 477 1767 530 fuerit
1804 478 1913 532 ista

242 550 547 604 coniunctio
557 590 571 618 ⁷
615 550 747 603 facit
793 567 884 603 eos
931 551 1168 604 violento
1219 552 1449 620 quodam
1487 568 1681 621 genere
1720 552 1912 606 mortis
1958 573 1979 606 5

241 625 501 694 extingui.
578 623 644 675 In
690 623 883 677 ceteris
931 625 1075 677 enim
1121 627 1399 695 geniturae
1437 625 1572 678 locis
1611 625 1746 678 vitia
1782 625 1912 678 vali-

240 698 452 751 tudines
484 697 724 766 pericula
756 701 811 750 et
835 698 1136 751 laboriosos
1162 703 1312 752 actus
1339 702 1393 751 et
1424 699 1673 751 adsiduas
1697 692 1912 769 vigilias

242 775 335 824 aut
388 772 627 825 violenta
681 772 942 840 quaedam
1001 772 1223 842 negotia
1279 772 1531 825 decernit.
1625 772 1729 825 Sed
1781 773 1914 827 haec

243 845 437 915 omnia,
484 845 625 898 sicut
662 845 972 914 frequenter
1011 845 1265 915 diximus,
1315 864 1380 898 ex
1426 846 1704 916 signorum
1743 847 1912 900 diver-

158 922 223 974 13
243 921 404 972 sitate
455 920 748 974 variantur.
830 919 895 972 In
945 919 1114 990 signis
1166 920 1309 973 enim
1357 919 1674 989 (erraticis)
1722 921 1808 973 vel
1857 921 1914 973 in
1938 942 1981 974 ιο

241 992 466 1062 tropicis
519 994 817 1046 constituto
865 993 1040 1046 Marte
1091 994 1139 1046 si
1189 1012 1220 1046 a
1269 991 1391 1046 Sole
1437 993 1523 1046 vel
1569 1012 1601 1046 a
1646 993 1913 1047 Mercurio

242 1068 478 1120 defluens
525 1066 678 1119 Luna
723 1068 780 1119 in
825 1067 1201 1120 malivolarum
1248 1067 1528 1120 stellarum
1575 1067 1744 1137 signis
1790 1086 1915 1124 con-

244 1141 440 1194 stituta
477 1141 683 1194 feratur
722 1142 786 1194 ad
821 1141 1055 1194 Martem
1093 1160 1188 1210 per
1220 1140 1542 1194 diametrum
1575 1141 1661 1193 vel
1693 1141 1916 1210 quadra·

242 1220 374 1284 tum,
414 1218 508 1268 aut
547 1215 594 1267 si
634 1233 689 1267 se
728 1215 811 1267 illi
848 1216 1026 1268 vicina
1065 1219 1159 1268 aut
1189 1215 1376 1284 partili
1409 1215 1666 1268 societate
1698 1215 1915 1268 coniun-

243 1290 398 1358 xerit,
436 1289 599 1342 faciet
628 1289 882 1357 pellarios
916 1289 1172 1342 coriarios
1205 1288 1507 1359 caligariOS,
1540 1306 1740 1358 coquos
1772 1307 1916 1342 aera·
1939 1310 1981 1343 15

241 1363 368 1432 riOS‚
414 1381 479 1415 ex
516 1362 634 1432 igni
681 1363 766 1415 vel
805 1382 870 1416 ex
914 1363 1057 1416 ferro
1099 1367 1243 1415 artes
1284 1381 1408 1415 suas
1457 1362 1738 1431 officia-que
1778 1381 1917 1416 com-

242 1437 469 1505 plentes,
521 1435 577 1489 Si
602 1455 728 1489 vero
753 1438 811 1489 in
826 1436 1055 1490 Veneris
1079 1437 1243 1490 fuerit
1268 1437 1439 1506 signis
1464 1436 1573 1489 ista
1596 1436 1918 1506 coniunctio,

243 1511 407 1562 faciet
444 1510 711 1563 linteones
751 1511 1013 1564 tinctores
1052 1511 1257 1579 plastas
1298 1513 1392 1563 aut
1429 1511 1784 1564 tabernarios,
1861 1508 1918 1563 Si

243 1601 370 1636 vero
409 1583 466 1635 in
502 1583 757 1636 Mercurii
796 1587 889 1636 aut
927 1585 984 1637 in
1022 1584 1212 1637 Martis
1252 1585 1410 1637 domo
1449 1583 1614 1637 fuerit
1652 1584 1760 1637 ista
1798 1602 1917 1637 con-

241 1657 447 1710 iunctio
457 1699 471 1726 ‚
525 1661 794 1710 amatores
849 1676 1122 1710 armorum
1176 1661 1270 1710 aut
1322 1658 1622 1726 palaestrae
1675 1657 1808 1710 facit
1858 1660 1912 1709 et
1937 1677 1980 1710 20

240 1731 581 1798 publicorum
617 1730 961 1800 negotiorum
1001 1730 1179 1784 officia
1218 1734 1528 1784 tractantes,
1592 1729 1649 1783 Si
1688 1748 1813 1783 vero
1854 1732 1911 1782 in

243 1804 401 1857 domo
440 1803 584 1857 Iovis
631 1803 796 1857 fuerit
841 1804 950 1857 ista
988 1805 1317 1874 coniunctio,
1363 1805 1611 1856 tribunos
1640 1804 1811 1857 duces
1851 1822 1912 1857 ac

241 1895 559 1947 magnarum
610 1877 886 1948 legionum
945 1879 1284 1947 praepositos
1341 1881 1434 1930 aut
1489 1878 1772 1931 civitatum
1827 1878 1911 1930 vel

157 1953 224 2005 14
241 1951 638 2020 provinciarum
687 1952 958 2021 praesides
1009 1951 1154 2005 facit.
1232 1949 1288 2004 Si
1337 1969 1463 2004 vero
1509 1952 1567 2004 111
1613 1951 1770 2004 (101110
1819 1949 1915 2004 Sa-

242 2026 389 2078 turni
425 2025 591 2078 fuerit
621 2025 728 2079 ista
760 2026 1080 2094 coniunctio,
1119 2026 1304 2096 gravia
1338 2026 1531 2077 misera
1562 2028 1617 2077 et
1649 2025 1911 2078 scelerata
1935 2045 1979 2079 25

242 2099 480 2152 decernit
520 2099 719 2169 officia3
769 2104 861 2153 aut
908 2103 1143 2152 tortores
1183 2099 1325 2152 enim
1365 2102 1458 2151 aut
1503 2098 1778 2152 carnifices
1818 2102 1913 2151 aut

242 2155 509 2226 delatores
558 2173 723 2226 faciet
773 2177 867 2227 aut
917 2173 1214 2226 bestiarum
1262 2176 1544 2226 venatores
1596 2176 1654 2225 et
1700 2171 1910 2225 Marsos

242 2246 394 2315 taleS,
433 2248 525 2315 qui
564 2247 774 2316 aspides
814 2246 997 2300 venari
1035 2250 1441 2316 consueverunt,
1489 2246 1787 2316 agrestium
1823 2264 1911 2314 pe-

243 2337 429 2372 corum
459 2321 544 2373 vel
574 2320 870 2373 bestiarum
901 2321 1192 2391 magistros
1224 2320 1400 2389 faciet,
1433 2320 1568 2372 alios
1599 2320 1910 2389 piscatores,

394 2454 416 2492 1
451 2449 726 2506 destinauit,
758 2464 870 2495 corr.
902 2450 950 2493 A'
1081 2455 1106 2494 2
1137 2448 1355 2494 notitiam
1377 2454 1422 2493 Μ
1468 2448 1672 2493 omnium
1700 2446 1918 2492 notitiam

244 2507 404 2551 crebro
428 2522 607 2552 rumore
625 2526 652 2552 κ
675 2510 731 2563 cf.
745 2513 850 2564 165,
866 2518 922 2554 27
939 2513 1045 2565 261,
1056 2519 1076 2550 4
1158 2514 1183 2552 3
1200 2508 1490 2566 perueniant,
1507 2522 1618 2552 corr.
1636 2505 1684 2549 A‘
1707 2505 1916 2573 Quinto]

243 2580 398 2622 nempe
421 2566 617 2624 septimo
698 2572 726 2610 4
749 2582 862 2612 mar.
878 2573 924 2611 Π
953 2570 1075 2611 mart
1091 2572 1169 2610 PR
1199 2569 1320 2612 umde
1336 2568 1460 2610 Mars
1477 2565 1525 2609 A'
1605 2571 1631 2610 5
1655 2564 1916 2631 coniuncta,

243 2638 356 2669 corr.
381 2625 429 2667 A'
460 2628 467 2681 Ι
493 2625 723 2678 uiolentos
746 2631 791 2668 M
820 2626 1049 2671 uiolentos
1074 2631 1152 2669 PB
1243 2631 1399 2682 Gpost
1425 2624 1547 2670 enim
1577 2625 1650 2667 im.
1677 2623 1726 2666 in
1750 2625 1854 2668 add.
1873 2602 1918 2667 Μ’

246 2689 272 2726 9
304 2683 538 2728 uarietate
561 2689 606 2727 Μ
697 2688 752 2727 10
784 2688 1064 2742 generantur
1085 2691 1142 2728 Ρει
1169 2685 1174 2744 Ι
1201 2686 1347 2742 suppl.
1378 2701 1406 2728 u
1505 2688 1559 2726 14
1589 2682 1673 2725 1113
1695 2687 1752 2724 Ρει
1779 2684 1785 2738 Ι
1814 2697 1919 2727 con-

245 2740 481 2786 iuncterat
494 2748 564 2786 11²
671 2747 725 2787 15
750 2743 1030 2809 calligarios‚
1055 2758 1166 2788 corr.
1185 2759 1239 2798 v;
1267 2745 1372 2798 fort.
1397 2741 1662 2799 gallicarios
1686 2742 1742 2796 cf.
1762 2745 1866 2796 173,
1877 2751 1918 2783 14

248 2799 256 2858 Ι
291 2814 424 2845 cocos
449 2807 535 2844 ΗΡ
627 2806 681 2846 18
710 2801 901 2859 phasias
925 2807 970 2844 Μ
997 2802 1174 2859 plasias
1198 2807 1276 2845 ΡΒ
1306 2815 1417 2845 corr.
1450 2816 1478 2843 a
1577 2804 1630 2843 19
1664 2802 1746 2843 aut
1768 2799 1839 2859 A‘]
1871 2803 1919 2844 et

245 2863 301 2902 28
334 2874 517 2960 ugnare,
549 2876 660 2906 corr
687 2860 771 2909 QA‘
812 2862 869 2915 cf.
896 2861 1099 2906 Maneth.
1125 2862 1278 2905 V185
1311 2861 1318 2917 1
1354 2858 1751 2916 agrestium—29
1775 2859 1919 2904 faciet

246 2930 328 2960 om.
