2014 3202
847 143 913 187 ΠΙ
935 147 977 201 2,
1001 156 1139 190 2—10.
1761 145 1831 199 99

156 265 466 336 sycofantas
514 265 685 318 malos
732 264 1018 317 malivolos
1063 264 1274 318 invidos
1322 263 1622 318 malitiosos
1669 266 1833 320 faciet

155 343 210 392 et
248 341 392 392 mala
430 357 640 408 semper
678 341 851 391 morte
890 341 1190 407 pereuntes.
1936 392 1939 401 ,Ἴ

300 414 364 466 In
405 415 594 483 quarto
632 411 752 465 loco
794 409 1059 465 Saturnus
1107 413 1174 465 ab
1213 412 1515 483 horoscopo
1558 413 1878 482 partiliter8

155 486 511 556 constitutus,
556 486 611 538 id
651 489 734 539 est
771 485 829 538 in
866 485 1030 554 IMO„
1069 486 1115 539 si
1153 504 1250 556 per
1288 487 1430 540 diem
1468 487 1611 540 hunc
1650 488 1830 540 locum

110 584 130 616 5
154 561 409 630 tenuerit,
456 559 618 613 faciet
662 560 1011 629 pecuniarum
1057 560 1243 614 avidos
1254 603 1268 629 ,
1318 561 1566 614 custodes
1611 561 1728 614 auri
1774 566 1830 614 et

154 635 379 705 argenti.
441 633 547 686 Per
581 637 799 687 noctem
837 652 963 686 vero
1003 633 1060 686 in
1097 634 1201 688 hoc
1241 635 1398 705 signo
1438 635 1481 687 si
1522 633 1702 703 fuerit,
1738 653 1829 704 pa-

151 711 364 761 ternum
401 707 790 777 patrimonium
829 707 1058 777 dissipat
1096 711 1150 760 et
1183 709 1348 761 citam
1386 707 1559 778 patris
1596 712 1828 761 mortem

150 781 328 849 faciet,
371 781 739 852 aegritudines
778 781 943 834 etiam
982 799 1174 852 graves
1216 787 1270 835 et
1307 782 1534 852 frigidos
1572 782 1826 836 horrores

151 855 389 926 corporis
399 896 414 924 ‚
461 859 515 908 et
561 855 619 908 in
655 854 832 925 prima
870 858 1046 908 aetate
1094 855 1259 909 faciet
1306 874 1516 925 semper
1553 856 1825 909 infamem.

15 972 25 979 .
85 952 125 984 ιο
150 927 208 983 Si
246 949 374 982 vero
414 928 624 982 Lunam
670 930 734 982 de
774 930 1038 999 quadrato
1084 930 1170 983 vel
1216 930 1280 983 de
1320 930 1582 983 diametro
1628 930 1874 983 viderit9

104 1031 107 1033 ·
149 1007 243 1057 aut
282 1003 328 1057 si
366 1002 520 1056 Luna
566 1004 624 1056 in
670 1004 855 1056 eadem
901 1007 1054 1073 parte
1100 1003 1266 1056 fuerit
1312 1022 1418 1073 qua
1462 1004 1578 1073 ipse
1626 1004 1823 1057 consti-

146 1081 282 1145 tuta,
314 1077 663 1131 sterilitatem
693 1078 929 1130 filiorum
960 1077 1144 1147 faciet3
1184 1078 1332 1147 cogit
1364 1096 1501 1146 eum,
1538 1078 1631 1147 qui
1659 1081 1822 1131 natus

145 1121 333 1219 fuerit,
377 1150 581 1204 alienos
629 1151 735 1204 sibi
772 1151 915 1205 filios
956 1152 1212 1220 adoptare
1260 1155 1354 1204 aut
1399 1155 1607 1204 tutores
1645 1152 1822 1221 pupil-

143 1225 323 1278 lorum
361 1224 492 1278 facit
531 1228 585 1277 et
624 1244 688 1278 ex
719 1225 1014 1278 latentibus
1048 1226 1325 1278 doloribus
1364 1229 1655 1309 perpetuae
1694 1225 1822 1278 vali-

79 1320 121 1354 15
145 1300 349 1352 tudinis
389 1299 522 1352 vitio
563 1299 842 1352 deformat
918 1299 1152 1352 Matrem
1190 1317 1317 1352 vero
1357 1299 1485 1368 eius,
1525 1299 1619 1368 qui
1656 1302 1819 1352 natus

146 1377 252 1442 est,
298 1371 406 1426 cito
442 1373 660 1426 viduam
698 1372 876 1425 reddit
922 1377 976 1426 et
1022 1392 1087 1426 ex
1124 1373 1480 1426 muliebribus
1528 1391 1720 1444 graves
1770 1372 1820 1425 ei

144 1446 466 1499 valitudines
503 1446 780 1516 inrogabit
820 1446 1189 1515 stomachique
1230 1446 1364 1499 facit
1408 1447 1685 1516 perpetuis
1725 1447 1819 1500 do-

143 1521 350 1573 loribus
389 1519 623 1590 fatigari.
1960 1582 1962 1584 Υ

289 1593 355 1646 In
387 1593 575 1663 quinto
607 1594 728 1647 loco
755 1592 1019 1647 Saturnus
1052 1594 1119 1647 ab
1143 1594 1446 1663 horoscopo
1472 1594 1816 1665 constitutuS‚
1836 1595 1905 1648 10

76 1690 118 1721 20
142 1667 190 1721 si
225 1685 323 1737 per
361 1667 502 1720 diem
538 1667 596 1720 in
633 1666 742 1721 isto
781 1668 902 1722 loco
941 1667 1120 1733 fuerit,
1159 1685 1315 1738 reges
1354 1667 1518 1722 faciet
1556 1687 1617 1721 ac
1654 1668 1815 1722 duces

142 1745 196 1794 et
241 1741 475 1794 maxima
520 1741 753 1812 largitur
798 1741 1033 1812 insignia
1078 1742 1383 1811 potestatis,
1462 1740 1520 1795 Si
1563 1761 1689 1795 vero
1738 1743 1815 1795 sic

143 1814 375 1869 Saturno
413 1814 723 1885 posito-Sol
758 1816 816 1868 in
846 1820 1000 1885 parte
1038 1815 1328 1885 horoscopi
1366 1815 1530 1869 fuerit
1561 1817 1812 1869 inventus

141 1893 196 1942 et
227 1889 671 1943 coniunctionem·
691 1890 874 1943 Lunae
908 1889 1172 1943 Saturnus
1205 1890 1495 1943 crescentis
1527 1889 1810 1959 exceperit,

139 1965 426 2032 perpetuas
474 1964 670 2016 tribuit
713 1963 1002 2017 felicitates
1058 1967 1112 2016 et
1157 1964 1424 2016 maiorum
1473 1966 1810 2032 potestatum

68 2057 110 2090 25
137 2043 452 2089 ornamenta
490 2038 740 2091 decernit.
822 2037 880 2090 Si
918 2055 1046 2090 vero
1087 2038 1164 2090 sic
1204 2035 1437 2090 Saturno
1475 2036 1656 2105 posito
1699 2054 1809 2090 non

135 2109 250 2179 Sol,
296 2111 388 2163 sed
428 2110 670 2180 Iuppiter
708 2112 764 2164 in
801 2111 1103 2180 horoscopo
1143 2111 1332 2179 fuerit,
1377 2110 1542 2163 faciet
1581 2111 1806 2163 minoris

15 2196 29 2226 ⁹2
132 2185 240 2237 loci
276 2182 628 2254 magistratus
676 2188 730 2237 et
777 2186 861 2237 cui
910 2185 1243 2253 singularum
1293 2183 1576 2237 civitatum
1614 2184 1807 2255 guber-

19 2268 21 2270 ’
131 2258 323 2311 nacula
363 2258 668 2323 credantur,
714 2258 959 2311 dominos
1007 2261 1189 2311 autem
1229 2258 1450 2310 maximi
1487 2258 1803 2327 patrimonii

12 2386 28 2393 ,⁸
131 2331 315 2399 faciet,
360 2332 440 2384 ita
484 2335 547 2384 ut
593 2351 658 2384 ex
706 2332 817 2385 suis
864 2331 1057 2401 opibus
1105 2330 1269 2384 etiam
1316 2331 1451 2385 alios
1500 2335 1806 2385 sustentare

18 2411 23 2422 ’
67 2425 110 2458 :30
132 2405 357 2474 possint.
427 2404 485 2458 Si
524 2425 650 2459 vero
696 2425 868 2475 neque
916 2404 1007 2459 Sol
1053 2423 1224 2474 neque
1262 2404 1509 2475 Iuppiter
1555 2406 1612 2458 in
1648 2405 1806 2459 horo-

133 2496 294 2548 scopo
340 2479 543 2532 fuerint
590 2483 644 2532 et
692 2479 1137 2533 coniunctionem>
1159 2477 1342 2532 Lunae
1382 2479 1671 2533 crescentis
1721 2498 1806 2532 ex-

133 2553 333 2622 ceperit
380 2557 435 2605 et
473 2554 545 2606 sit
588 2553 646 2606 in
686 2554 875 2622 quinto
914 2553 1034 2606 loco
1082 2553 1410 2606 constitutus
1419 2596 1433 2622 ,
1485 2553 1635 2606 dabit
1682 2553 1804 2605 sub-

133 2627 389 2679 stantiam
428 2630 483 2680 et
521 2627 867 2696 hereditates;
915 2629 1071 2679 erunt
1118 2630 1299 2679 tamen
1336 2627 1645 2696 frequenter
1687 2625 1800 2678 sine

271 2761 294 2799 1
319 2755 580 2815 malivolos]
599 2756 852 2800 malitiolos
869 2761 906 2798 V
989 2761 1017 2799 4
1033 2757 1110 2800 ωδ
1124 2761 1169 2799 1
1252 2763 1278 2800 9
1303 2757 1351 2800 in
1374 2756 1525 2814 prima
1548 2757 1593 2814 κ]
1619 2755 1801 2799 infirma.

133 2817 187 2856 10
209 2813 333 2871 luna,
357 2829 467 2860 corr.
486 2819 524 2858 A
608 2821 660 2859 11
687 2815 980 2871 constitutus,
1003 2828 1115 2860 corr.
1134 2815 1239 2862 Sittl
1315 2821 1367 2860 12
1395 2814 1700 2859 sterelitatem
1719 2819 1798 2856 PB

16 2908 32 2934 ᾗ,
133 2875 187 2914 16
216 2851 486 2918 mulieribus
509 2879 547 2917 V
639 2879 692 2918 17
723 2873 961 2932 inrogauit
990 2873 1196 2931 (in-11),
1227 2874 1412 2920 coroezA
1507 2879 1562 2917 24
1592 2875 1801 2930 potesta.-

12 2931 49 3202 ἰ
130 2931 225 2972 tem
254 2936 298 2973 Π
410 2938 464 2976 25
497 2933 562 2976 sic
594 2933 664 2991 A']
696 2933 772 2977 hic
885 2938 938 2976 31
972 2933 1256 2992 creslscentis
1288 2939 1320 2976 P
1432 2937 1488 2976 32
1521 2935 1723 2977 sustant-
1753 2936 1799 2974 Π

1476 3007 1534 3049 7*
