2014 3202
183 78 290 130 174
901 77 1131 122 FIRMICI

182 217 337 252 cessu
375 199 636 267 temporis
670 197 1014 251 mediocriter
1046 198 1382 251 substantiae
1413 198 1745 252 incrementa
1776 201 1862 253 de·

182 275 421 325 cernunt.
500 270 557 324 Si
584 274 723 323 ‘vero
762 290 858 340 per
895 276 1110 324 noctem
1149 272 1206 324 in
1244 273 1347 324 hoc
1385 273 1504 325 loco
1543 273 1745 326 fuerint
1781 274 1890 326 ins

179 346 342 414 venti,
385 348 479 397 aut
516 344 799 397 inveniunt
839 345 1064 414 aliquid,
1112 346 1250 398 unde
1288 346 1526 398 habeant
1565 346 1860 400 maximum

179 420 323 471 vitae
363 419 685 487 subsidium,
734 421 828 471 aut
873 419 1143 472 hereditas
1192 420 1301 472 illis
1341 438 1451 472 non
1490 421 1701 474 modica
1741 439 1860 474 con-

178 494 405 559 feretur,
468 496 522 545 ct
574 510 831 561 processu
886 493 1146 562 temporis
1201 494 1451 546 maximis
1506 495 1859 548 felicitatibus
1906 517 1929 550 5

181 562 553 635 sublevantum
600 565 827 619 vitiosos
874 569 1057 619 tamen
1096 586 1318 636 corpore
1359 571 1414 620 et
1459 569 1745 638 languidos
1785 568 1861 620 fa-

181 641 336 694 cient.

93 716 157 768 11
325 714 391 766 In
443 731 586 766 nono
640 714 759 767 loco
814 713 1115 766 Mercurius
1171 718 1225 766 et
1274 714 1520 784 Iuppiter
1575 715 1860 768 constituti

178 789 310 841 haec
350 789 659 858 decernunt,
704 805 838 857 quae
878 787 934 840 in
973 788 1138 840 tertio
1178 788 1298 840 loco
1339 789 1619 858 geniturae
1660 789 1861 843 consti-

179 862 285 915 tuti
326 862 688 915 decreverunt.
1248 923 1251 926 ,
1885 886 1928 916 10

95 939 160 990 12
325 935 391 988 In
430 931 643 989 decimo
683 936 803 988 loco
844 935 911 988 ab
958 934 1261 1003 horoscopo
1303 934 1599 988 Mercurius
1647 940 1701 988 et
1738 936 1859 1006 Iup-

180 1010 322 1078 piter
375 1027 603 1079 magnos
659 1013 811 1063 actus
867 1012 921 1061 et
975 1026 1201 1078 magnas
1255 1009 1750 1063 administrationes
1805 1015 1860 1063 et

180 1101 406 1153 magnas
446 1084 738 1136 decernunt
783 1085 1087 1152 potestates
1133 1101 1232 1151 pro
1274 1101 1525 1135 mensura
1565 1084 1859 1153 geniturae.

97 1160 163 1212 13
328 1157 394 1210 In
453 1158 736 1210 undecimo
791 1158 910 1209 loco
973 1157 1039 1208 ab
1094 1156 1398 1225 horoscopo
1453 1156 1751 1210 Mercurius
1806 1161 1861 1210 et

180 1231 424 1300 Iuppiter
463 1232 734 1300 partiliter
774 1230 1058 1283 constituti
1097 1231 1229 1283 haec
1261 1231 1568 1301 decernunt,
1607 1249 1743 1300 quae
1776 1231 1860 1285 dc·
1884 1253 1927 1286 15

181 1323 395 1358 cernere
433 1306 557 1358 illos
596 1306 652 1357 in
694 1303 883 1378 quinto
923 1305 1155 1357 diximus
1194 1305 1329 1356 loco,

95 1382 162 1433 14
326 1379 391 1432 In
445 1380 759 1432 duodecimo
814 1379 936 1432 loco
989 1379 1054 1430 ab
1106 1379 1407 1447 horoscopo
1455 1377 1755 1431 Mercurius
1806 1383 1861 1432 et

179 1452 425 1521 Iuppiter
478 1453 682 1522 pariter
737 1453 1045 1520 constituti,
1101 1453 1148 1504 si
1202 1451 1501 1505 Mercurius
1557 1453 1858 1506 matutinus

181 1527 439 1596 extiterit,
477 1526 640 1580 faciet
681 1527 885 1579 scribas
925 1527 1069 1596 regis
1110 1529 1204 1578 aut
1237 1529 1456 1578 senatus
1490 1530 1585 1579 aut
1614 1527 1857 1580 notarios

180 1603 491 1668 exceptores
544 1600 871 1669 principum,
926 1603 1019 1652 aut
1071 1599 1238 1668 (qui)
1293 1600 1541 1653 civitates
1596 1601 1856 1653 maximas
1883 1623 1926 1654 20
1974 1645 1979 1650 .

180 1677 455 1743 tueantur,
506 1674 598 1726 sed
649 1674 741 1742 qui
787 1691 981 1742 magne
1028 1676 1083 1725 et
1128 1673 1438 1741 frequenter
1485 1673 1756 1725 offendant
1795 1678 1858 1746 *et

182 1747 273 1816 qui
298 1748 355 1799 in
377 1747 671 1800 novissimo
703 1747 846 1799 vitae
876 1751 1119 1815 tempore
1150 1746 1488 1799 infelicitatis
1521 1765 1679 1799 onere
1709 1765 1859 1816 prae—

181 1824 475 1891 graventur
515 1825 608 1873 aut
648 1821 741 1890 qui
778 1820 1100 1873 biothanata
1138 1824 1312 1872 morte
1352 1821 1656 1890 depereant,
1695 1821 1742 1873 si
1781 1822 1857 1874 sic

179 1895 348 1964 positi
386 1895 444 1947 in
481 1898 747 1947 nocturna
791 1894 995 1947 fuerint
1042 1894 1303 1964 genitura.
1381 1893 1445 1945 In
1484 1894 1676 1947 diurna
1714 1895 1858 1947 enim

181 1968 432 2038 genitura
485 1969 1015 2038 quantulumcunque
1069 1969 1125 2020 in
1170 1967 1256 2024 his
1308 1966 1517 2019 actibus
1566 1972 1621 2020 et
1667 1969 1723 2020 in
1771 1969 1855 2021 his
1881 1991 1923 2024 25

181 2042 374 2096 officiis
415 2046 758 2111 perseverant
796 2045 851 2094 et
887 2061 998 2094 non
1035 2041 1345 2110 frequenter
1377 2041 1665 2094 offendunt.
1727 2041 1857 2094 Ves-

180 2117 425 2185 pertinus
466 2135 590 2169 vero
630 2117 687 2168 in
733 2117 836 2169 hoc
874 2116 994 2169 loco
1042 2134 1163 2167 cum
1201 2114 1328 2168 Iove
1376 2115 1703 2168 constitutus
1751 2119 1856 2168 tar-

182 2190 357 2243 diores
398 2194 550 2243 actus
598 2194 653 2243 et
699 2190 980 2243 sinistrum
1025 2189 1199 2242 fatum
1247 2188 1419 2257 dabit,
1467 2189 1683 2257 quidam
1729 2207 1855 2242 vero

179 2263 530 2333 popularibus
571 2264 780 2317 actibus
822 2267 915 2316 aut
953 2263 1239 2316 laboriosis
1278 2262 1715 2331 implicabuntur.

330 2428 352 2466 1
386 2424 490 2477 fort.
515 2422 768 2467 mediocria
873 2428 926 2466 13
960 2422 1178 2477 decernit,
1210 2437 1322 2467 corr.
1347 2421 1396 2465 A'
1521 2427 1573 2466 15
1606 2421 1781 2478 pariter
1810 2426 1854 2464 M

184 2488 237 2526 18
268 2481 446 2539 pariter
475 2482 651 2538 pariter
673 2487 705 2524 P
810 2487 864 2525 19
896 2495 1042 2539 reges,
1074 2496 1187 2526 corr.
1213 2481 1263 2524 A'
1357 2486 1412 2524 20
1445 2481 1550 2524 add.
1576 2497 1603 2523 κ
1695 2485 1747 2523 21
1781 2483 1854 2523 tu-

183 2558 464 2658 enturtPBP
473 2557 622 2611 possis
660 2557 845 2599 tuentes
884 2557 889 2614 Ι
930 2571 992 2599 an
1029 2555 1263 2612 maligne?
1396 2559 1450 2598 26
1490 2556 1787 2610 perseuerent
1818 2558 1854 2595 V

182 2620 237 2658 29
271 2629 324 2658 ac
348 2630 402 2658 us
