2014 3202
200 121 305 173 144
864 155 866 157 -
922 102 1153 169 mmm

199 246 311 294 tam
337 242 579 310 Iuppiter
608 241 751 293 bona
782 243 1080 296 radiatione
1110 242 1419 313 respexerit,
1450 241 1593 312 regis
1619 243 1868 296 textrinis

197 316 360 368 faciet
398 314 751 383 praepositos
1910 332 1912 336 ’

150 390 184 442 5
347 388 412 441 In
453 389 683 441 secundo
722 389 842 442 loco
883 388 1063 443 Venus
1113 391 1179 443 ab
1223 366 1523 459 lioroscopo
1573 391 1870 443 constituta

202 463 248 515 si
285 461 343 514 in
372 466 638 515 nocturna
669 463 919 531 genitura
959 464 1036 517 sic
1074 468 1136 516 ut
1168 464 1398 517 diximus
1437 464 1602 516 fuerit
1635 460 1870 533 inventa,

199 536 331 589 facit
363 550 681 606 magnarum
714 536 915 588 artium
951 537 1259 591 inventores
1300 541 1354 590 et
1385 537 1664 590 affluentia
1696 537 1871 606 copio-
1917 557 1936 590 5

201 629 312 680 Sos,
359 610 451 662 sed
491 610 582 678 qui
621 609 928 678 frequenter
966 611 1254 679 pulsentur
1286 612 1532 681 infamia,
1580 615 1634 664 et
1675 612 1870 680 quibus

201 684 469 754 gradatim
514 682 744 736 felicitas
794 683 1123 754 conferatur,
1177 688 1230 738 et
1277 689 1461 755 gratos
1510 703 1762 738 amoenos
1814 684 1872 737 in

151 757 429 810 6veneriis
469 757 873 841 cupiditatibus.
945 755 1002 810 Si
1039 727 1190 811 vero
1206 777 1300 827 per
1337 759 1477 812 diem
1515 759 1571 811 in
1609 759 1713 812 hoc
1750 759 1870 811 loco

201 831 365 883 fuerit
403 830 634 901 inventa,
674 832 935 883 maximas
976 831 1384 885 contrarietates
1431 836 1484 885 et
1522 832 1703 885 tardas
1742 852 1872 902 nup-

201 904 304 957 tias
353 904 616 973 decernit,
665 923 852 958 causas
901 905 1065 957 etiam
1114 924 1234 958 cum
1283 906 1463 975 aliqua
1508 906 1707 958 femina
1750 924 1871 959 con·
1898 926 1939 958 10

204 978 358 1047 citat3
399 978 617 1047 quidam
649 978 814 1032 etiam
846 978 1140 1047 repentinis
1174 997 1400 1032 uxorum
1431 980 1698 1032 mortibus
1731 979 1875 1032 vidu-
1921 1033 1929 1038 ,

208 1055 381 1105 antur.
461 1050 518 1105 Si
570 1071 696 1106 vero
752 1052 829 1105 sic
880 1053 1117 1122 positam
1171 1052 1438 1106 Venerem
1491 1057 1584 1106 aut
1636 1052 1728 1107 Sol
1782 1057 1876 1107 aut

210 1124 475 1179 Saturnus
514 1145 610 1195 per
650 1127 971 1195 quadratum
1011 1130 1105 1178 aut
1143 1145 1238 1196 per
1277 1127 1598 1180 diametrum
1636 1145 1876 1196 respexe-

206 1198 316 1251 rint
355 1199 440 1252 vel
472 1219 594 1253 cum
627 1219 689 1253 ea
719 1197 886 1269 positi
917 1200 1134 1269 fuerint,
1172 1200 1373 1254 facient
1406 1201 1615 1254 steriles
1653 1204 1706 1253 et
1737 1201 1879 1255 circa

205 1274 450 1326 venerios
506 1277 659 1328 actus
712 1273 1015 1327 inefficaces
1070 1277 1124 1326 et
1182 1275 1273 1343 qui
1327 1293 1621 1344 numquam
1682 1275 1879 1328 ducant
1903 1294 1944 1326 15

208 1365 402 1399 uxores
444 1350 499 1399 et
532 1348 624 1418 qui
657 1366 867 1417 semper
897 1366 1185 1418 puerorum
1228 1349 1500 1401 amoribus
1539 1347 1878 1417 inplicentur.

211 1419 314 1473 Sed
351 1421 486 1473 haec
522 1420 719 1474 fortius
760 1422 1116 1475 decernuntur
1148 1423 1304 1492 mala,
1343 1423 1388 1475 si
1426 1421 1483 1474 in
1515 1423 1706 1474 diurna
1736 1423 1880 1492 geni-

206 1496 330 1545 tura
379 1493 456 1546 sic
502 1495 685 1547 Venus
735 1495 902 1547 fuerit
947 1496 1168 1548 inventa
1219 1496 1276 1548 in
1323 1497 1481 1549 domo
1531 1495 1750 1549 Saturni
1795 1496 1879 1549 vel

209 1565 403 1619 Martis
444 1568 530 1620 vel
567 1567 823 1621 Mercurii
861 1569 947 1621 vel
986 1571 1042 1621 in
1079 1569 1276 1621 finibus
1318 1588 1516 1622 eorum.

112 1658 115 1661 ·
160 1640 189 1692 7
353 1640 420 1693 In
472 1642 635 1694 tertio
689 1642 809 1694 loco
861 1642 1045 1695 Venus
1100 1643 1166 1694 ab
1222 1643 1523 1712 horoscopo
1583 1643 1880 1696 constituta
1903 1662 1946 1694 20

208 1714 350 1766 bona
390 1713 508 1782 erit,
553 1715 599 1767 si
639 1733 756 1767 eam
794 1715 1039 1784 Iuppiter
1079 1716 1258 1784 aliqua
1295 1715 1594 1769 radiatione
1633 1734 1878 1786 respexe-

208 1788 302 1857 rit3
350 1788 578 1858 accipiet
617 1789 760 1841 enim
798 1807 1020 1841 uxorem
1066 1789 1128 1841 de
1169 1789 1370 1858 templo
1418 1790 1501 1842 vel
1546 1790 1878 1843 sacerdotem

209 1861 364 1930 (vel)
404 1862 696 1915 sacerdotis
735 1862 917 1915 filiam.
990 1861 1092 1915 Sed
1133 1863 1179 1914 si
1219 1881 1340 1915 cum
1378 1862 1585 1916 Venere
1624 1863 1879 1917 Mercurii

209 1935 368 1988 stella
405 1934 571 1988 fuerit
609 1935 767 2004 (vel)
807 1936 978 2005 Luna,
1026 1939 1182 1988 erunt
1229 1937 1392 1989 etiam
1438 1937 1543 2005 ipsi
1582 1938 1873 2006 prophetae

206 2009 423 2062 neocori
461 2013 555 2062 aut
592 2009 887 2079 praepositi
926 2010 1143 2079 templis
1183 2013 1238 2063 et
1275 2010 1642 2080 religionibus.
1898 2029 1940 2062 25

160 2082 192 2134 8
354 2082 420 2135 In
467 2086 658 2152 quarto
705 2084 824 2136 loco
872 2082 1055 2136 Venus
1110 2083 1177 2136 ab
1230 2083 1531 2153 horoscopo
1580 2086 1877 2137 constituta

211 2174 306 2223 per
352 2157 514 2225 diem,
567 2157 708 2209 idest
754 2157 811 2209 in
855 2155 1023 2226 IMG.,
1070 2157 1333 2210 iacturam
1380 2158 1668 2210 maximam
1713 2158 1878 2227 patri-

213 2230 381 2281 monii
412 2229 575 2283 faciet
615 2234 670 2283 et
701 2230 942 2283 assiduas
973 2230 1261 2284 viduitates
1301 2235 1356 2284 et
1387 2232 1523 2284 tales
1556 2232 1744 2300 reddit,
1784 2231 1878 2300 qui

214 2302 433 2355 difficile
464 2302 675 2372 possint
707 2305 909 2372 aliquid
941 2305 1241 2373 impetrare.
1298 2303 1401 2358 Sed
1432 2308 1486 2358 et
1518 2323 1638 2358 cum
1670 2305 1718 2357 ei
1743 2304 1878 2357 Mer-

214 2375 390 2428 curius
434 2376 597 2429 fuerit
643 2377 829 2446 partili
875 2377 1172 2430 radiatione
1221 2380 1558 2446 coniunctUS,
1607 2378 1877 2431 adulteros
1903 2396 1945 2428 30

211 2448 374 2502 faciet
412 2449 720 2519 frequenter
758 2452 1049 2520 †stoemen
1086 2456 1307 2522 propter
1342 2453 1509 2505 malas
1542 2451 1878 2504 administra-

359 2613 388 2651 4
428 2607 466 2651 si
505 2607 570 2652 sic
600 2609 671 2666 V}
707 2608 905 2652 diximus
946 2623 1026 2654 om.
1059 2614 1104 2653 M
1141 2608 1261 2653 sicut
1299 2608 1496 2652 diximus
1536 2622 1616 2654 om.
1645 2614 1682 2651 V
1774 2613 1799 2652 7
1831 2611 1879 2654 et

215 2680 296 2711 om.
329 2671 366 2709 V
394 2670 399 2724 Ι
429 2666 631 2711 amoenis
662 2672 719 2709 Pa
838 2673 863 2711 8
888 2668 1070 2712 ueneris
1102 2671 1220 2725 (uen.
1252 2671 1371 2724 MV),
1404 2682 1514 2711 corr.
1547 2685 1574 2711 κ
1685 2672 1739 2711 10
1772 2663 1878 2711 con-

216 2725 364 2769 citant
393 2730 431 2768 V
545 2730 598 2769 13
629 2726 899 2782 respexerit,
939 2741 1050 2773 corr.
1083 2726 1131 2771 A'
1254 2731 1307 2770 23
1341 2727 1444 2770 add.
1477 2725 1574 2774 A'Q,
1683 2730 1739 2769 24
1771 2728 1876 2771 add.

215 2784 321 2829 Sittl
410 2788 465 2828 27
496 2784 545 2827 in
568 2783 720 2828 medio
746 2785 844 2842 celo
868 2790 969 2828 PRa
1058 2791 1113 2830 29
1146 2785 1189 2829 ei
1212 2786 1258 2844 κ]
1291 2786 1339 2829 et
1360 2789 1449 2827 MV
1480 2799 1561 2829 om.
1586 2789 1666 2827 PR
1693 2786 1698 2842 Ι
1725 2799 1877 2842 merc„

214 2844 335 2887 unde
374 2844 560 2889 edebant
595 2843 855 2888 Mercurio.
907 2844 1188 2889 ‚coniuncta
1306 2848 1361 2887 30
1392 2843 1638 2901 partiliter,
1669 2857 1780 2889 corr.
1806 2861 1833 2889 κ
1866 2822 1922 2903 Ι

215 2901 535 2959 radiationem,
567 2915 679 2947 corr.
703 2901 752 2944 A'
875 2907 928 2945 31
961 2903 1103 2947 faciet
1125 2902 1239 2963 (et)
1261 2902 1315 2946 fr.
1350 2902 1533 2946 eosdem
1563 2917 1589 2946 σ
