1992 3198
290 860 450 909 Priori
493 860 610 909 huic
654 860 890 909 fasciculo
936 875 1098 922 pauca
1143 859 1532 924 praemittimus,
1582 859 1818 922 quoniam

139 934 386 996 praefatio
427 949 541 982 cum
580 935 736 983 altero
770 934 956 998 edetur,
1004 934 1086 982 eui
1124 933 1276 982 etiam
1318 934 1503 982 indices
1546 933 1817 996 locupletes

140 1007 510 1072 subiungemus.
523 1002 565 1075 1)

289 1110 551 1160 Codicibus
588 1111 747 1175 igitur
783 1111 863 1159 usi
903 1126 1074 1159 sumus
1113 1111 1267 1159 hisee:

286 1200 818 1262 Montepessulano
850 1200 1046 1248 scholae
1076 1200 1381 1248 medicorum
1404 1199 1451 1246 H
1480 1201 1583 1248 180
1614 1199 1815 1247 membr.
1861 1204 1908 1243 u

139 1273 244 1322 fou.
289 1275 392 1321 122
435 1289 511 1322 cm
561 1275 672 1338 28,5
687 1291 703 1336 ,ε
725 1276 788 1322 19
838 1289 963 1322 saec.
1002 1273 1085 1320 XI.
1168 1273 1425 1322 Nonnulla
1471 1289 1501 1320 a
1546 1289 1699 1321 manu
1743 1289 1816 1321 re-

140 1347 358 1395 centiore
406 1349 610 1395 exarata
655 1347 900 1396 videntur.
984 1347 1183 1395 Excidit
1223 1348 1598 1410 39,7—62,26;
1637 1346 1819 1395 desinit

142 1421 338 1484 265,13.
416 1420 641 1468 Contulit
680 1421 910 1468 Skutsch.

287 1493 564 1542 Parisino
593 1496 730 1542 7311
766 1494 967 1542 membr.
992 1494 1096 1543 foll.
1125 1495 1227 1543 103
1262 1509 1339 1542 cm
1364 1497 1464 1543 26:
1485 1496 1552 1543 20
1585 1509 1706 1542 saec.
1732 1494 1817 1542 XI.
1861 1499 1897 1538 P

137 1566 335 1615 Desinit
368 1569 563 1631 269,19.
640 1566 865 1616 Contulit
904 1567 1132 1616 Skutsch.

285 1640 584 1690 Vaticano
608 1641 853 1706 reginae
882 1644 1023 1690 1244
1048 1641 1251 1690 membr.
1277 1641 1382 1690 foll.
1404 1643 1469 1690 58
1489 1657 1565 1689 cm
1593 1643 1731 1706 26,5:
1749 1644 1816 1691 20
1855 1646 1894 1684 Β-

138 1730 262 1764 saec.
301 1715 385 1762 XI.
461 1715 659 1763 Excidit
707 1717 1042 1779 3,20—32,4‚
1089 1715 1271 1763 desinit
1319 1717 1512 1779 269,19.
1591 1715 1818 1764 Contulit

138 1788 293 1838 Kroll.

284 1862 578 1911 Vaticano
629 1863 768 1911 3425
816 1863 1017 1912 membr.
1064 1863 1167 1912 foll.
1210 1864 1277 1911 33
1326 1879 1404 1911 cm
1451 1865 1515 1911 21
1539 1865 1638 1912 :14
1685 1878 1810 1912 saec.
1857 1867 1895 1906 V

138 1936 273 1984 XIII.
327 1935 471 1984 Folia
497 1938 691 1985 5¹'—9v
714 1929 1072 2003 (21,5—40‚2)
1105 1951 1135 1983 a
1165 1952 1318 1984 manu
1350 1952 1474 1985 saec.
1506 1937 1598 1984 XV
1633 1937 1817 1999 scripta

139 2009 327 2058 nullius
367 2012 484 2057 sunt
521 2010 690 2074 pretii3
733 2010 914 2059 desinit
956 2012 1148 2074 213,18.
1227 2009 1454 2058 Contulit
1490 2010 1644 2059 Kroll.

285 2083 559 2132 Parisino
611 2086 794 2133 17867
843 2083 1043 2132 membr.
1090 2084 1193 2133 foll.
1226 2086 1295 2131 42
1345 2100 1421 2132 cm
1463 2086 1646 2133 29:16
1689 2099 1812 2133 saec.
1863 2090 1899 2134 Q.

137 2157 273 2204 XIII.
323 2157 501 2205 Manus
534 2173 656 2206 saec.
681 2158 773 2205 XV
804 2157 1060 2220 suppleuit
1088 2157 1172 2207 fol.
1203 2161 1227 2206 1
1259 2150 1586 2225 (1‚1—6,25).
1637 2160 1812 2207 8—-11

139 2223 568 2297 (41,18-—66,11).
613 2234 826 2280 16—18
853 2225 944 2299 (ad
968 2246 1073 2279 eam
1106 2232 1570 2295 92,10—collocata
1597 2226 1814 2299 104‚25).

140 2306 224 2352 28.
269 2306 333 2353 29
376 2297 625 2370 (inuentus
667 2307 930 2369 166,22—
962 2306 1112 2353 bonas
1148 2319 1226 2353 res
1269 2299 1472 2372 173‚23)
1521 2322 1546 2354 e
1590 2306 1815 2354 Parisino

141 2380 306 2440 73123
355 2377 536 2426 desinit
575 2381 770 2442 262,14.
848 2378 1074 2447 Contulit
1110 2378 1265 2427 Kroll.
1342 2379 1464 2428 Post
1503 2380 1714 2427 alterum
1753 2379 1815 2426 li-

139 2450 287 2499 brum
319 2466 401 2500 eas
432 2453 632 2500 tantum
662 2452 898 2501 lectiones
931 2452 1435 2516 commemoravimus,
1476 2469 1603 2515 quae
1637 2453 1815 2516 dignae

139 2540 243 2573 esse
282 2525 580 2575 viderentur.
942 2518 947 2523 ’

287 2666 329 2721 1)
363 2663 452 2717 Qui
492 2667 743 2722 antequam
783 2664 1062 2723 prodierint,
1104 2679 1245 2723 opera
1290 2668 1451 2710 nostra
1489 2665 1815 2709 coniecturalis

142 2722 223 2766 vix
239 2725 363 2767 recte
389 2723 627 2768 aestimari
642 2726 836 2782 poterit3
862 2738 971 2768 nam
994 2724 1122 2768 haud
1145 2738 1248 2768 raro
1273 2724 1462 2780 quidem
1484 2737 1633 2780 neque
1657 2726 1816 2768 tamen

137 2781 310 2838 ubique
350 2782 626 2826 coniecturis
671 2779 842 2827 nostris
891 2783 1241 2841 adscripsimus,
1289 2783 1458 2839 quibus
1496 2782 1610 2827 locis
1650 2782 1812 2826 Firmi-

137 2839 284 2884 cianis
326 2841 508 2885 collatis
548 2843 885 2886 confirmentur.
947 2843 1001 2886 Id
1046 2842 1171 2898 quod
1218 2856 1294 2886 eos
1340 2842 1539 2886 monitos
1585 2841 1814 2898 volumus,

138 2899 220 2955 qui
250 2900 369 2944 forte
401 2899 458 2943 de
491 2900 695 2945 editione
726 2902 888 2945 nostra
919 2900 1198 2946 sententiam
1228 2900 1371 2944 laturi
1405 2903 1524 2945 sunt.
