2014 3202
803 124 869 169 111
894 130 961 182 12,
987 131 1160 183 17-—13‚
1186 140 1221 172 4.
1706 129 1808 182 187

690 273 835 328 XIII.
892 274 988 328 DE
1030 275 1248 330 LUNA.

275 380 429 433 Luna
475 380 532 432 in
577 378 879 447 horoscopo
925 379 1197 462 partiliter
1244 381 1544 434 constituta
1590 382 1645 434 in
1686 401 1808 436 noc·
1828 384 1855 436 1
1942 375 1947 385 ⁸

129 458 290 508 turna
336 454 584 524 genitura
631 453 678 505 si
722 453 882 522 plena
933 456 987 505 et
1032 453 1087 506 in
1139 454 1332 523 quibus
1384 456 1584 524 gaudet
1635 457 1807 526 signis

127 528 292 582 fuerit
329 529 563 597 inventa,
609 525 834 596 grandia
874 526 1123 580 fortunae
1168 528 1500 581 incrementa
1548 530 1807 600 decernit3

82 628 103 661 5
126 602 385 672 praeponi
423 600 684 653 fratribus
731 599 864 653 facit
911 603 965 653 et
1013 604 1190 654 aetate
1239 620 1449 671 semper
1495 606 1551 655 et
1598 603 1806 657 merito

128 675 185 730 Si
225 694 349 729 vero
387 694 484 744 per
523 675 664 727 diem
702 674 759 726 in
789 674 893 727 hoc
924 675 1043 727 loco
1074 675 1346 744 partiliter
1376 675 1540 729 fuerit
1571 677 1807 749 inventa,

124 752 513 820 gubernatores
568 748 833 801 maiorum
886 748 1106 801 navium
1158 749 1336 802 faciet.
1431 749 1489 803 Si
1542 769 1668 804 vero
1725 752 1857 805 sicZ

122 843 217 892 per
263 824 404 876 diem
443 822 595 875 Luna
643 822 941 875 constituta
987 823 1154 875 alium
1200 823 1481 907 geniturae
1530 825 1802 878 cardinem

122 897 266 951 Mars
316 895 686 965 Saturnusque
736 896 1097 965 possederint,
1151 897 1291 949 idest
1339 898 1384 950 si
1433 898 1488 949 in
1539 899 1801 967 quadrato

54 997 97 1029 ιο
121 973 204 1025 vel
245 971 507 1024 diametro
547 971 632 1024 vel
671 971 717 1022 si
758 989 878 1023 cum
923 970 1042 1039 ipsa
1081 970 1283 1023 fuerint
1329 971 1557 1041 inventi,
1602 972 1802 1026 facient

120 1046 325 1115 piratas
359 1044 559 1098 crudeli
593 1044 824 1097 feritatis
856 1044 1142 1097 atrocitate
1174 1044 1411 1098 famosos
1445 1048 1539 1098 aut
1570 1046 1802 1100 inacces-

121 1138 304 1172 sorum
336 1118 580 1172 locorum
611 1118 947 1186 praepositos
972 1118 1191 1171 iudices.
1254 1117 1312 1171 Si
1336 1137 1460 1171 vero
1486 1119 1563 1172 sic
1589 1119 1799 1174 Lunam

119 1194 354 1262 positam
387 1211 507 1246 cum
540 1191 808 1245 malivolis
840 1192 988 1244 nulla
1019 1192 1270 1245 benivola
1301 1193 1460 1249 stella
1491 1195 1802 1264 respexerit,

120 1286 233 1332 eOS,
290 1267 381 1337 qui
426 1266 542 1319 nati
588 1265 812 1333 fuerint,
866 1265 1030 1318 faciet
1078 1266 1272 1335 exponi
1320 1269 1414 1318 aut
1457 1267 1607 1319 nulla
1657 1268 1801 1321 vitae

50 1366 94 1399 15
118 1344 363 1409 tempora
401 1340 640 1393 decernit
679 1343 734 1392 et
773 1340 962 1392 statim
1001 1339 1164 1393 faciet
1202 1340 1423 1392 interire
1465 1344 1558 1393 aut
1594 1342 1798 1394 malum

120 1415 260 1468 vitae
298 1415 460 1467 finem
499 1413 984 1481 biothanatumque
1024 1413 1277 1466 decernit.

265 1489 328 1541 In
367 1487 597 1541 secundo
637 1488 756 1540 loco
790 1486 944 1539 Luna
976 1488 1043 1540 ab
1074 1487 1377 1556 horoscopo
1411 1489 1710 1540 constituta
1743 1489 1848 1543 1113

116 1566 381 1615 nocturna
420 1562 669 1631 genitura
715 1561 888 1614 claros
937 1563 990 1612 et
1029 1561 1327 1630 perspicuis
1369 1562 1579 1614 actibus
1618 1562 1798 1631 faciet,

118 1637 209 1688 sed
248 1637 553 1688 luxuriosos
594 1639 648 1687 et
688 1634 927 1688 amoenis
960 1635 1272 1687 deliciarum
1303 1635 1678 1703 voluptatibus
1712 1637 1795 1689 de-

47 1734 93 1766 20
118 1710 261 1763 ditos
301 1715 356 1762 et
396 1709 590 1778 quibus
630 1709 802 1761 maior
840 1709 1157 1777 patrimonii
1196 1709 1501 1761 substantia
1539 1727 1818 1778 processu*

116 1783 376 1851 temporis
424 1782 743 1836 conferatur.
822 1781 879 1835 Si
918 1799 1043 1835 vero
1090 1801 1186 1852 per
1232 1781 1373 1834 diem
1419 1782 1476 1835 in
1523 1783 1625 1836 hoc
1674 1783 1848 1837 loco4

116 1857 280 1910 fuerit
311 1858 546 1926 inventa,
585 1861 678 1908 aut
709 1856 895 1909 statim
928 1862 1176 1924 parentes
1202 1856 1466 1909 interimit
1493 1859 1586 1908 aut
1615 1857 1793 1925 ipsum

118 1949 148 1982 a
188 1932 500 1999 parentibus
541 1930 732 1982 dividit
778 1934 872 1982 aut
915 1933 1165 1998 parentes
1204 1930 1337 1982 facit
1377 1930 1642 1982 dissoluto
1683 1949 1792 1983 ma.-

115 2004 371 2056 trimonio
412 2004 649 2073 separari
680 2007 735 2055 et
767 2003 1079 2071 patrimonii
1111 2002 1474 2055 substantiam
1505 2004 1656 2056 vario
1686 2004 1791 2057 iac-

47 2101 92 2134 25
117 2082 360 2130 turarum
400 2095 592 2147 genere
633 2078 825 2146 minui3
865 2077 959 2128 alii
999 2075 1077 2128 sic
1115 2077 1374 2128 habentes
1414 2075 1621 2129 Lunam
1664 2078 1794 2130 assi-

116 2152 235 2204 duis
274 2149 799 2220 peregrinationibus
847 2153 1178 2218 occupantur
1225 2152 1279 2202 et
1325 2152 1476 2202 actus
1526 2167 1651 2203 suos
1696 2170 1794 2220 per

116 2226 290 2278 multa
329 2223 573 2276 dividunt
611 2224 752 2294 loca3
791 2224 883 2276 sed
921 2223 1090 2276 vitam
1132 2241 1316 2276 eorum
1349 2224 1516 2276 talem
1546 2224 1692 2287 facit,
1731 2230 1793 2277 ut

116 2299 276 2352 alicui
317 2297 577 2367 potestati
618 2297 907 2350 subiaceat.
987 2296 1043 2348 Si
1083 2315 1208 2349 vero
1248 2297 1302 2349 in
1343 2296 1446 2350 hoc
1478 2297 1596 2351 loco
1629 2297 1794 2351 fuerit

116 2373 325 2425 minuta
364 2370 660 2423 luminibus
708 2374 763 2422 et
804 2368 1068 2422 Saturnus
1115 2371 1171 2422 in
1218 2374 1371 2439 parte
1412 2371 1496 2423 vel
1536 2371 1591 2423 in
1636 2371 1792 2442 signo

266 2507 287 2545 1
322 2515 404 2545 om.
436 2504 480 2543 M
518 2500 576 2543 de
613 2499 726 2543 luna
755 2498 805 2542 in
842 2499 1011 2555 quibus
1050 2498 1164 2544 locis
1202 2499 1357 2557 posita
1396 2502 1444 2543 et
1481 2514 1587 2543 cum
1625 2500 1793 2556 quibus

116 2561 255 2605 astris
280 2558 535 2604 constituta
561 2557 674 2614 quid
697 2557 843 2602 faciat
865 2563 902 2601 V
1007 2563 1033 2602 5
1066 2572 1245 2616 semper
1266 2558 1488 2602 fratribus
1513 2563 1551 2601 V
1654 2564 1680 2602 8
1711 2573 1795 2616 per

115 2620 240 2664 diem
278 2619 345 2663 sic
374 2623 412 2661 V
591 2623 616 2661 9
648 2617 925 2674 possederit,
965 2631 1078 2662 corr.
1111 2617 1160 2661 A'
1343 2622 1398 2660 10
1430 2616 1564 2674 ipsis,
1604 2632 1715 2662 corr.
1741 2617 1791 2661 A'

118 2683 171 2722 11
218 2680 493 2745 pyratasM
684 2682 736 2719 12
785 2689 894 2720 uero
940 2690 1023 2720 om.
1055 2681 1100 2719 u
1273 2681 1328 2719 14
1373 2675 1566 2732 facient,
1614 2690 1725 2721 corr.
1764 2692 1795 2720 v

119 2741 173 2780 18
204 2739 369 2782 noctur
391 2737 443 2780 in
464 2737 554 2792 fine
578 2736 657 2779 lin.
683 2740 728 2778 M
755 2738 760 2791 Ι
787 2734 1053 2792 perspicuos
1077 2734 1126 2778 A'
1234 2740 1286 2778 19
1318 2734 1573 2778 luxoriosos
1596 2739 1653 2777 Pa
1680 2736 1744 2794 {u

117 2793 327 2860 luptibus
351 2800 396 2838 Μ
536 2799 593 2838 24
625 2793 904 2850 substantia,
936 2808 1047 2839 corr.
1082 2799 1117 2843 Q,
1191 2807 1300 2837 uero
1333 2795 1432 2850 (om
1458 2796 1527 2849 V)
1559 2807 1671 2838 corr.
1697 2793 1746 2837 A‘
1746 2749 1793 2854 01

118 2852 396 2897 iaturarum
405 2858 483 2896 PB
625 2858 680 2896 25
715 2852 797 2896 alii
828 2870 855 2897 κ
895 2854 951 2908 cf.
978 2857 1083 2908 148,
1105 2864 1150 2895 30
1202 2853 1319 2896 tales
1465 2856 1519 2895 28
1553 2851 1734 2896 alienae
1765 2871 1792 2897 κ

117 2917 174 2957 29
206 2912 282 2955 uel
312 2911 362 2954 in
390 2914 525 2968 parte
555 2916 592 2954 V
