2014 3202
189 117 222 169 8
917 115 1145 159 FIRMICI

190 256 292 306 que
334 237 720 306 conquirimuS,
770 236 816 288 si
853 235 1150 288 Mercurius
1197 235 1340 288 Iovis
1388 254 1448 288 ac
1488 236 1668 288 Lunae
1707 237 1865 290 bonis

190 311 583 363 radiationibus
631 313 963 378 temperatus
1012 310 1078 361 ad
1125 309 1387 362 desideria
1435 328 1533 361 nos
1575 313 1628 362 et
1667 311 1866 379 cupidi-

137 387 330 439 8tates
371 385 530 436 istius
569 383 786 436 virtutis
837 382 1185 436 infiammat.“
1260 382 1445 435 Etiam
1485 383 1728 454 singulos
1766 384 1866 437 ho-
1918 379 1921 382 ’
1993 380 1995 382 ’

189 457 360 510 mines
391 458 494 511 hac
526 457 907 540 disputationis
949 457 1191 509 oratione
1223 456 1568 510 conveniunt:
1606 457 1866 527 „Frustra

187 531 372 601 habeS,
396 551 426 584 0
451 533 590 585 bone
617 532 714 600 vir,
741 531 998 583 dilectum
1023 531 1287 583 bonarum
1313 549 1490 583 rerum
1517 550 1577 584 ac
1603 532 1866 584 malarum
1913 554 1934 586 5

186 575 430 676 fugieridi
469 605 843 673 cupiditatem!
912 603 1052 666 Quid
1091 607 1145 656 te
1183 604 1429 657 honestis
1467 605 1867 672 provisionibus

189 698 250 732 ac
305 679 618 749 diligentiae
674 678 947 748 suffragiis
1005 678 1216 747 111111113,
1271 676 1317 730 31
1370 681 1548 731 totum
1602 679 1704 731 hoc
1763 680 1868 732 tibi

186 772 298 805 non
337 753 582 820 scientia,
624 753 716 804 sed
747 755 841 804 aut
881 750 1146 804 Saturnus
1185 755 1428 820 praestat
1460 756 1554 804 aut
1584 750 1864 821 Iuppiter?

194 826 631 894 ContemnamUS‚
673 826 719 878 si
757 825 990 895 videtur,
1029 826 1157 878 deos
1198 829 1251 878 et
1290 824 1615 896 religionum
1655 830 1867 879 sanctas

191 901 632 968 venerabilesque
673 898 1026 953 caerimonias
1068 899 1330 968 sacrilego
1370 900 1757 968 desperationis
1791 919 1869 953 ar·
1893 923 1937 954 10

141 975 322 1029 9dore
361 973 721 1057 publicemus!
801 973 941 1056 Quid
978 973 1220 1041 invocaS,
1259 976 1461 1042 arator,
1500 974 1666 1026 deos?
1745 973 1869 1027 Sine

193 1067 322 1101 cura
360 1048 596 1100 numinis
637 1047 719 1099 tui
758 1046 975 1116 ingenio
1016 1048 1215 1116 segetis
1254 1047 1434 1100 sulcus
1475 1050 1734 1117 aequatus
1774 1052 1870 1100 est

186 1121 269 1174 Tu
310 1122 401 1190 qui
443 1140 541 1190 per
574 1123 762 1189 aperta
792 1119 920 1190 iuga
951 1119 1215 1173 olivarum
1259 1120 1359 1190 [in]
1394 1121 1563 1173 aciem
1599 1121 1868 1174 distinctis

189 1195 467 1263 componis
510 1194 811 1262 ordinibus,
858 1194 1063 1246 frustra
1111 1194 1337 1246 devoves
1384 1193 1578 1247 vitium
1617 1194 1869 1278 palmites

189 1268 383 1322 Libero
431 1273 526 1321 tuo
575 1268 832 1338 religiosa
878 1286 1000 1321 cum
1039 1267 1428 1337 trepidatione,
1468 1267 1783 1336 cuiusquam
1822 1270 1867 1321 si
1894 1291 1938 1324 15

189 1342 302 1396 sine
356 1342 625 1411 praesidio
682 1341 983 1394 divinitatis
1033 1342 1314 1394 stellarum
1365 1360 1525 1394 cursu
1572 1345 1665 1394 aut
1711 1343 1870 1394 dene-

102 1420 171 1473 10
189 1420 390 1487 gantur
437 1420 530 1469 aut
569 1417 781 1468 dantur.
859 1414 941 1467 Tu
988 1415 1080 1484 qui
1111 1415 1427 1484 promulgas
1465 1416 1613 1485 leges
1655 1434 1716 1469 ac
1754 1417 1871 1468 iura

188 1491 381 1559 sancis,
420 1490 553 1543 tolle
594 1490 756 1558 scita,
793 1489 958 1558 refige
999 1489 1215 1541 tabulas
1257 1492 1311 1540 et
1348 1489 1471 1541 istis
1509 1507 1609 1541 nos
1650 1490 1870 1542 severis-

189 1565 340 1616 simis
375 1563 927 1616 animadversionibus
960 1562 1152 1614 libera:
1191 1562 1347 1614 illum
1379 1562 1703 1632 sacrilegum
1730 1562 1867 1615 Mer-

188 1638 384 1706 01111113,
423 1641 484 1690 ut
523 1636 896 1690 mathematici
927 1637 1131 1705 volunt,
1171 1636 1326 1688 illum
1366 1636 1668 1688 adulterum
1682 1636 1864 1689 Venus
1891 1660 1935 1691 20

187 1712 339 1780 fecit3
381 1711 538 1763 illum
579 1712 644 1763 ad
681 1729 840 1763 neces
878 1710 1160 1762 hominum
1199 1708 1392 1761 Martis
1433 1709 1579 1762 sidus
1620 1710 1866 1779 armavit,

187 1786 344 1838 illum
384 1788 591 1838 mutare
630 1785 940 1837 tabularum
978 1783 1155 1851 fidem,
1193 1783 1348 1835 illum
1386 1801 1590 1836 venena
1628 1783 1866 1853 miscere,

187 1859 342 1911 illum
376 1859 767 1927 quiescentium
806 1875 1020 1910 securas
1053 1857 1259 1909 animas
1292 1860 1346 1909 et
1377 1856 1486 1909 iam
1516 1856 1740 1909 Lethaei
1771 1858 1866 1910 flu—

188 1933 350 1985 minis
391 1932 661 1985 oblivione
693 1935 953 2000 purgatas
987 1929 1284 1983 Mercurius
1325 1931 1473 2000 cogit
1503 1930 1723 1983 nefariis
1755 1950 1866 1984 car-

103 2010 168 2062 11
188 2006 421 2059 minibus
462 2007 709 2059 excitare.
786 2005 926 2057 Ecce
971 2004 1064 2056 ille
1110 2003 1330 2057 incestis
1378 2004 1744 2057 inflammatur
1783 2023 1863 2057 ar·
1889 2027 1932 2060 25

189 2081 433 2148 doribus,
493 2080 648 2132 illum
703 2079 850 2132 vides
912 2096 1202 2147 puerorum
1264 2078 1632 2145 complexibus
1686 2079 1866 2131 inhae-

188 2157 419 2206 rentem:
460 2172 676 2207 causam
713 2152 874 2205 huius
913 2153 1053 2204 tanti
1093 2151 1221 2203 mali
1253 2150 1417 2203 Marti
1449 2152 1738 2205 tribuimus
1772 2158 1865 2205 aut

189 2227 403 2279 Veneri.
480 2227 579 2279 Ille
626 2230 680 2279 te
732 2227 950 2279 iubente
998 2244 1161 2278 manu
1214 2224 1478 2277 carnificis
1535 2226 1648 2278 sine
1704 2243 1866 2279 causa

189 2319 475 2369 percussus
516 2304 620 2370 est,
668 2300 726 2352 in
771 2299 924 2353 illum
970 2317 1067 2368 per
1102 2297 1214 2351 PR.
1260 2298 1405 2350 dicta
1453 2299 1721 2351 sententia
1759 2303 1864 2352 est:

336 2451 364 2488 4
396 2443 712 2501 dispositionis
744 2449 777 2486 P
822 2446 905 2487 uta
935 2458 989 2488 33.
1022 2444 1143 2488 rubr.
1266 2446 1291 2485 5
1325 2442 1556 2486 delectum
1578 2448 1615 2485 V
1736 2447 1761 2486 6
1793 2443 1863 2485 fu-

190 2504 337 2562 gienti
367 2509 425 2546 pa
574 2509 599 2547 8
630 2502 721 2547 tibi
750 2516 836 2546 nec
867 2501 1033 2546 scienti
1065 2504 1201 2559 (nesc.
1233 2503 1279 2558 v)
1313 2504 1395 2544 aut
1425 2501 1473 2543 A'
1526 2503 1531 2559 Ι
1581 2501 1753 2558 iupiter
1784 2505 1865 2549 Qv

191 2569 216 2607 9
249 2565 628 2629 contempnamus
751 2567 804 2604 12
841 2561 993 2604 cultus
1023 2565 1061 2604 V
1182 2564 1235 2604 13
1275 2559 1502 2603 oliuarum
1533 2559 1604 2618 A']
1645 2559 1819 2626 cliuum
1853 2560 1859 2619 Ι

191 2622 339 2666 aciem
368 2623 416 2680 n]
447 2621 497 2664 in
521 2621 668 2665 aciem
691 2625 777 2662 MP
808 2620 1004 2663 maciem
1026 2625 1063 2663 V
1095 2619 1146 2662 in
1168 2618 1374 2663 ordinem
1400 2623 1434 2666 Q,
1465 2618 1608 2662 olivas
1641 2618 1691 2661 in
1716 2617 1863 2662 aciem

1109 2690 1128 2712 1·
1216 2689 1238 2710 81

190 2726 347 2769 Escor
501 2729 554 2767 15
594 2738 680 2767 con
718 2738 773 2768 33.
816 2738 919 2766 311111
959 2728 993 2771 Q,
1035 2725 1040 2780 1
1089 2720 1369 2779 tepiditione
1415 2723 1453 2777 (t
1485 2722 1620 2776 prius
1659 2736 1713 2765 ex
1751 2724 1792 2778 c)
1829 2727 1863 2763 P

193 2789 246 2826 18
272 2783 446 2828 sanccis
471 2788 506 2832 Q
532 2785 538 2840 Ι
567 2785 698 2839 scyta
721 2787 754 2824 P
781 2783 786 2839 Ι
814 2781 1015 2839 refringe
1035 2787 1072 2824 V
1163 2786 1217 2825 21
1245 2780 1384 2837 sydus
1408 2784 1538 2822 MPv
1630 2785 1685 2823 24
1711 2779 1865 2845 coegit

191 2843 347 2886 Escor.
469 2846 525 2885 25
556 2841 746 2885 incestis
785 2855 867 2885 om.
900 2845 945 2883 M
987 2843 992 2897 Ι
1034 2840 1379 2884 inflammantur
1409 2843 1441 2880 P
1562 2843 1615 2881 27
1647 2838 1771 2882 tanti
1801 2854 1862 2881 m.

190 2901 327 2944 huius
359 2901 419 2945 M.
454 2903 536 2945 aut
565 2901 620 2944 V.
652 2899 886 2943 tribuibus
919 2904 954 2947 Q
1073 2905 1127 2943 29
1159 2913 1242 2955 per
1271 2898 1382 2956 PR]
1413 2910 1654 2954 perperam
1685 2902 1722 2939 A
