2014 3202
210 84 318 137 130
936 83 1164 128 FIRMICI

159 204 271 260 881
323 222 450 257 vero
505 204 582 256 sic
633 204 719 256 his
775 204 1022 257 omnibus
1086 205 1385 273 collocatis,
1447 205 1586 258 sicut
1639 205 1887 276 diximus,

212 278 476 331 Saturnus
523 278 581 329 in
620 277 856 330 anaforis
907 280 1135 345 [eorum]
1183 279 1267 331 vel
1315 277 1372 330 in
1416 279 1670 332 cataforis
1714 281 1911 333 cardi-r

207 370 339 404 num
377 350 542 404 fuerit
579 352 847 421 inventus,
883 351 1171 421 imperium
1203 351 1416 421 quidem
1448 356 1678 422 tantum,
1718 372 1883 422 quan-

209 429 327 478 tum
367 426 596 478 diximus
606 467 621 495 ,
665 442 775 478 non
811 424 1110 494 habebunt;
1148 425 1507 497 gnihilominus
1554 430 1738 480 tamen
1776 446 1884 480 ma-

207 500 381 552 ximos
414 499 683 570 lpotentia
727 499 873 552 viros
929 517 990 552 ac
1039 499 1279 552 famosos
1328 499 1530 552 iudices
1577 500 1740 554 faciet
1794 505 1887 554 aut

208 591 529 643 magnarum
583 572 862 643 legionum
914 574 1253 643 praepositos
1313 577 1406 626 aut
1459 574 1708 627 tribunos
1717 617 1733 644 ,
1793 575 1886 628 sed

208 647 452 700 efficaces
500 650 555 700 et
601 646 894 715 terribiles,
949 647 1041 700 sed
1085 665 1196 699 non
1241 651 1645 716 perseverantes
1697 649 1754 700 in
1799 648 1885 701 his

209 720 567 790 dignitatibus
601 738 662 773 ac
691 719 1075 789 potestatibuS,
1107 721 1198 772 sed
1223 723 1316 772 aut
1341 721 1583 789 captivos
1609 740 1699 775 eos
1724 722 1887 776 faciet

159 795 191 847 9
213 798 306 847 aut
336 793 393 846 in
425 795 645 847 exilium
677 794 767 865 agi
799 798 893 846 aut
923 794 1056 846 facit
1087 794 1436 847 biothanatos
1466 794 1703 848 interire.
1764 795 1885 848 Pla-

212 869 317 922 tice
349 886 476 920 vero
510 867 602 921 Sol
641 868 698 920 in
737 868 893 938 signo
925 867 1215 936 horoscopi
1251 868 1578 921 constitutus
1616 869 1778 922 faciet
1809 870 1883 922 in·

1912 891 1958 923 10

211 959 416 1013 genuos
461 942 696 1011 nobiles3
743 942 835 994 sed
880 942 1079 1010 platice
1121 939 1245 994 Sole
1292 943 1346 992 in
1396 942 1551 1011 signo
1596 942 1926 1012 horoscopi·

211 1016 525 1080 constituto,
558 1016 605 1068 si
627 1015 871 1085 Iuppiter
903 1019 958 1068 et
982 1015 1167 1067 Venus
1197 1018 1251 1067 et
1275 1014 1573 1068 Mercurius
1604 1015 1662 1069 in
1693 1019 1885 1070 ceteris

207 1091 491 1160 geniturae
532 1088 838 1143 cardinibus
877 1089 1080 1142 suerint
1119 1089 1429 1158 constituti,
1475 1107 1700 1160 magnos
1739 1091 1884 1143 viros

206 1164 397 1233 faciet,
451 1166 505 1216 et
559 1163 755 1232 quibus
808 1162 909 1231 <a>
962 1162 1278 1232 parentibus
1332 1163 1567 1215 maxima
1619 1164 1884 1216 bonorum

206 1237 440 1291 felicitas
481 1241 844 1307 comparetur,
894 1240 948 1289 et
991 1237 1083 1305 qui
1123 1255 1155 1288 a
1190 1236 1369 1305 prima
1407 1240 1584 1290 aetate
1631 1237 1688 1290 in
1725 1238 1884 1290 rebus

207 1312 366 1365 bonis
407 1329 468 1364 ac
498 1311 771 1380 prosperis
805 1314 1063 1378 crescant,
1101 1311 1181 1363 ita
1218 1313 1281 1363 ut
1313 1311 1423 1363 sint
1462 1328 1672 1380 semper
1710 1311 1778 1363 ab
1811 1312 1888 1363 in-

131 1385 200 1445 10
218 1404 378 1440 cursu
407 1385 744 1455 paupertatis
778 1384 954 1438 alieni.
1011 1383 1115 1438 Sed
1148 1383 1194 1436 si
1226 1383 1303 1437 sic
1332 1383 1433 1437 hos
1462 1403 1646 1437 omnes
1677 1385 1886 1454 positos

216 1457 480 1512 Saturnus
528 1459 591 1511 de
638 1459 857 1529 trigono
904 1457 1200 1526 respexerit
1252 1457 1338 1510 vel
1391 1458 1454 1510 de
1505 1476 1747 1529 exagono
1801 1460 1886 1511 vel

207 1532 373 1585 etiam
413 1533 459 1585 si
497 1532 704 1600 pariter
749 1532 915 1584 fuerit
954 1532 1280 1584 constitutus
1290 1573 1303 1598 ‚
1347 1535 1609 1601 perpetua
1653 1531 1884 1585 felicitas

205 1606 327 1659 istis
360 1606 677 1658 decernitur.
733 1603 838 1658 Sed
870 1605 916 1657 si
948 1604 1024 1658 sic
1058 1623 1239 1657 omnes
1271 1605 1498 1674 positOS,
1527 1605 1667 1658 idest
1700 1603 1880 1659 Solem

205 1680 264 1732 in
318 1679 474 1749 signo
526 1678 835 1747 horoscopi,
889 1678 1074 1731 Iovem
1126 1677 1391 1731 Venerem
1444 1679 1769 1731 Mercurium
1822 1679 1878 1731 in

207 1753 399 1807 ceteris
441 1752 769 1821 cardinibuS,
819 1751 1111 1805 Saturnum
1155 1770 1284 1805 vero
1331 1751 1387 1804 in
1425 1752 1641 1821 trigono
1690 1756 1784 1805 aut
1820 1752 1879 1805 in

206 1844 448 1897 exagono
481 1830 575 1879 aut
598 1826 858 1894 <eodem>
884 1826 1003 1879 loco
1036 1844 1157 1879 cum
1181 1824 1314 1894 ipsis
1347 1825 1704 1878 constitutum
1730 1826 1877 1879 Mars

204 1901 387 1970 aliqua
418 1900 717 1953 radiatione
748 1899 1044 1969 respexerit
1083 1902 1177 1951 aut
1217 1917 1339 1952 cum
1368 1898 1504 1968 ipsis
1545 1899 1876 1952 constitutus
1961 1939 1966 1943 -

205 1978 299 2027 aut
329 1974 430 2028 hos
465 1992 649 2027 omnes
682 1974 745 2026 de
778 1973 1041 2042 quadrato
1074 1972 1368 2042 respexerit
1401 1976 1495 2025 aut
1523 1973 1586 2026 de
1612 1973 1874 2027 diametro

205 2066 260 2101 se
299 2048 426 2101 huic
465 2048 744 2100 stellarum
776 2047 1147 2100 commixtioni
1178 2046 1527 2114 coniunxerit,
1565 2046 1726 2099 faciet
1765 2066 1872 2100 ma-

203 2121 378 2174 ximos
423 2121 649 2192 iudices,
695 2124 969 2190 potenteS,
1013 2121 1274 2173 habentes
1314 2120 1455 2173 vitae
1504 2124 1559 2172 et
1596 2121 1743 2174 necis
1781 2140 1874 2189 po-

203 2198 479 2263 testatem,
525 2195 618 2248 sed
654 2195 800 2248 fures
839 2212 1058 2263 rapaces
1104 2197 1159 2247 et
1206 2194 1298 2262 qui
1343 2212 1429 2246 res
1470 2194 1670 2247 alienas
1710 2212 1872 2247 avaro

203 2268 417 2337 rapiant
471 2268 783 2337 cupiditatis
844 2268 1120 2321 instinctu.
1198 2265 1302 2320 Sed
1357 2267 1709 2320 nihilominus
1770 2268 1872 2320 hos

1910 1259 1955 1292 15

1905 1627 1951 1664 20.

1900 1994 1948 2027 25

351 2402 377 2440 2
409 2398 663 2453 saturnum,
694 2411 806 2442 corr.
838 2395 888 2440 A'
927 2399 935 2455 Ι
973 2411 1130 2442 eorum
1159 2397 1243 2442 del.
1274 2414 1303 2441 κ
1422 2403 1448 2441 6
1478 2410 1752 2454 magnorum
1781 2401 1874 2439 MV
1939 2374 1946 2398 ⁵

204 2460 230 2499 8
263 2457 345 2500 aut
367 2456 414 2514 a]
431 2457 485 2499 ut
567 2461 591 2499 9
616 2456 789 2512 placite
809 2462 842 2499 P
927 2461 981 2500 10
1005 2456 1083 2500 Sol
1106 2470 1188 2500 om.
1206 2460 1243 2498 V
1307 2461 1358 2499 11
1383 2455 1555 2512 placite
1571 2461 1605 2498 Ρ
1631 2457 1636 2513 Ι
1665 2454 1713 2497 in
1738 2454 1872 2512 signo

201 2516 400 2572 yemi‘nat
420 2519 465 2557 M
550 2519 603 2558 12
620 2517 758 2559 nescit
773 2516 830 2558 F.
849 2516 1058 2560 Venerem
1081 2520 1121 2560 et
1137 2515 1419 2558 Mercurium
1442 2529 1535 2558 uon
1551 2515 1659 2570 plus
1682 2518 1742 2557 48
1758 2520 1798 2558 et
1808 2517 1875 2558 22

195 2574 408 2630 partibus
430 2589 460 2617 a
476 2573 575 2618 Sole
597 2574 817 2618 discedere
826 2592 842 2627 ,·
865 2575 921 2629 cf.
937 2574 1249 2630 Ptoz.A1ma9.
1267 2575 1331 2616 II
1340 2577 1432 2617 366
1454 2574 1517 2616 H.
1536 2573 1671 2616 Paul.
1691 2572 1874 2616 F1—3

202 2633 327 2676 Ptin.
344 2634 409 2676 II
419 2636 491 2677 38.
507 2635 566 2676 39
600 2633 752 2676 Theou
782 2637 947 2687 187,10
1063 2638 1119 2675 14
1151 2646 1178 2675 a
1209 2633 1313 2676 add.
1347 2648 1374 2674 a
1489 2636 1542 2674 16
1574 2630 1801 2687 sproperis
1831 2637 1871 2674 B.

204 2695 259 2734 17
290 2692 589 2748 paupertates
611 2696 669 2733 pa
761 2696 813 2735 18
845 2691 1046 2748 trigonio
1069 2696 1114 2734 M
1205 2695 1258 2734 19
1290 2689 1530 2733 felicitatis
1558 2689 1768 2746 (felitatis
1791 2692 1868 2746 M),

202 2762 313 2794 corr.
348 2749 439 2799 QA'
561 2754 617 2793 20
647 2748 797 2805 istius,
828 2763 938 2794 corr.
972 2765 1034 2794 κσ
1063 2748 1175 2807 (illis
1205 2749 1273 2806 A')
1300 2750 1306 2806 Ι
1342 2748 1381 2792 si
1412 2763 1493 2793 om.
1525 2752 1614 2791 MV
1642 2750 1649 2804 l
1668 2753 1772 2804 post
1803 2748 1870 2792 sic

201 2821 344 2864 supra
374 2809 454 2852 lin.
486 2822 596 2857 eras.
627 2807 712 2851 hos
735 2813 774 2850 B.
805 2808 877 2865 (cf.
905 2809 930 2851 Z.
959 2811 1030 2866 17)
1121 2813 1176 2852 23
1207 2809 1351 2864 suppl.
1377 2823 1404 2850 a
1495 2812 1550 2850 24
1580 2821 1732 2863 nempe
1754 2806 1871 2863 ipsis

201 2866 409 2926 (fuerit)
487 2872 543 2911 26
568 2880 615 2910 se
638 2868 719 2925 κσ]
745 2869 792 2910 et
868 2871 921 2910 27
939 2869 1208 2923 potestates,
1226 2881 1337 2911 corr.
1355 2871 1391 2908 A
1467 2871 1521 2909 29
1539 2866 1621 2909 hos
1639 2865 1763 2923 Sittz]
1780 2866 1872 2909 hoc
