2014 3202
212 121 283 172 30
935 118 1161 163 FIRMICI

119 241 191 294 40
210 242 367 294 modo
401 239 861 294 animadversione
894 239 1170 292 confectus
1203 243 1301 292 est.
1351 239 1489 302 Quid
1513 238 1723 309 Regulo
1748 241 1879 293 fides

205 314 427 384 profuit,
464 318 527 366 ut
565 314 719 365 illum
758 311 841 365 vis
878 312 980 364 fati
1018 317 1143 381 post
1174 312 1399 365 miserae
1433 314 1764 382 captivitatis
1803 315 1881 366 in-

202 389 423 440 famiam
449 389 590 440 inter
616 385 845 438 hostiles
877 404 1066 438 manus
1091 386 1342 456 pervigili
1375 387 1711 439 crudelitatis
1737 391 1880 441 atro·
1926 385 1929 388 ’

203 461 366 515 citate
397 460 803 530 prosterneret?
857 457 1003 520 Quae
1034 460 1116 511 vis
1147 460 1253 512 alia
1283 460 1559 513 dissolutis
1592 460 1878 514 Persarum

201 536 436 605 regibus
455 554 576 588 cum
600 531 864 586 Romanis
895 532 1134 585 fascibus
1167 534 1439 602 captivum
1464 534 1688 587 tradidit
1718 533 1875 588 Oras-
1926 556 1950 589 5
1995 541 2000 544 ’

202 610 358 661 sum‘?
419 608 494 661 Et
532 609 719 676 utique
759 606 843 659 vir
881 611 1132 658 strenuus
1171 605 1349 659 fuerat
1387 611 1442 660 et
1479 607 1708 660 virtutes
1749 608 1878 676 eius,

200 701 334 752 quae
380 681 600 751 propria
648 681 1011 733 ostentatione
1057 680 1332 750 lucebant,
1384 681 1660 734 Romanus
1699 685 1876 750 prote-

109 757 178 808 41
199 757 363 826 gebat
409 755 690 808 exercitus.
766 753 1015 822 Pompeii
1053 756 1177 822 post
1224 755 1474 823 quintum
1520 756 1877 824 consulatum,

198 834 324 898 post
363 833 448 882 tot
488 833 543 881 et
582 833 694 880 tam
742 828 983 897 insignes
1034 828 1338 896 triumphos
1377 829 1443 880 ad
1483 827 1598 881 Nili
1637 829 1875 881 fluminis

200 904 373 971 ripam
413 903 646 956 cervices
684 901 914 954 invictas
956 904 1010 953 et
1051 901 1229 971 regias
1262 905 1317 953 et
1348 919 1480 970 quas
1521 901 1722 955 totiens
1753 921 1875 971 pur·
1900 925 1945 956 ιο

197 995 334 1046 pura
379 975 724 1044 triumphalis
773 975 1037 1027 ambierat
1096 974 1334 1027 semiviri
1379 975 1614 1028 hominis
1662 976 1874 1046 gladius

197 1050 404 1103 nefario
454 1067 646 1119 genere
695 1049 886 1101 mortis
935 1048 1139 1101 incidit.
1218 1049 1350 1111 Quis
1391 1067 1578 1101 manus
1618 1049 1676 1102 111
1723 1067 1876 1102 suam

195 1143 381 1177 necem
421 1123 641 1177 Catonis
682 1122 949 1174 armavit?
1022 1122 1153 1184 Quis
1193 1123 1420 1191 impuris
1461 1125 1514 1175 et
1554 1123 1873 1176 effeminatis

194 1196 420 1250 Antonii
462 1197 849 1265 cupiditatibus
883 1214 1005 1248 cum
1036 1195 1256 1265 lugubri
1291 1194 1594 1265 miseroque
1635 1197 1874 1249 omnium

194 1272 326 1324 fietu
350 1271 711 1324 venerabilem
730 1267 1006 1322 Ciceronis
1031 1269 1256 1322 tradidit
1281 1270 1635 1340 sanguinem?
1662 1269 1873 1339 Caesar,
1899 1291 1942 1324 15

197 1363 330 1413 quos
378 1363 474 1397 sua
518 1344 857 1414 indulgentia
904 1345 971 1395 ab
1021 1343 1166 1396 omni
1213 1343 1538 1396 liberaverat
1588 1346 1759 1413 meta,
1807 1345 1874 1396 ad

106 1419 176 1470 42
196 1420 420 1471 exitium
473 1422 664 1486 postea
717 1416 968 1486 propriae
1027 1417 1217 1469 salutis
1273 1417 1516 1470 armavit.
1592 1417 1756 1469 Vides
1811 1422 1874 1470 ut

195 1511 407 1561 semper
438 1492 637 1560 ubique
672 1491 888 1544 fortuna
913 1490 1256 1543 dominetur?
1313 1490 1476 1543 Vides
1509 1494 1571 1543 ut
1602 1490 1738 1543 varii
1763 1491 1874 1544 sint

191 1566 472 1619 hominum
527 1565 922 1632 mutabilesque
978 1581 1187 1633 semper
1242 1565 1502 1616 eventus?
1575 1564 1753 1617 Fortis
1801 1565 1869 1617 ab

191 1641 388 1723 ignavo
445 1641 750 1708 superatur,
813 1638 1015 1690 bonum
1070 1637 1366 1706 prostravit
1421 1637 1664 1706 inferior,
1722 1638 1866 1690 iusto
1892 1660 1938 1691 20

191 1713 405 1766 iustitia
443 1730 552 1765 non
589 1711 809 1782 profuit,
848 1714 1034 1764 cautos
1075 1710 1413 1778 providentia
1445 1729 1603 1794 saepe
1643 1679 1866 1780 decepit,

190 1787 398 1854 pudicis
446 1804 506 1839 ac
546 1786 743 1839 sobriis
782 1784 1067 1854 inpudicus
1116 1803 1177 1837 ac
1214 1785 1510 1837 dissolutus
1549 1784 1606 1836 in
1644 1784 1866 1837 honoris

187 1861 452 1929 petitione
492 1861 765 1928 praelatus
805 1863 902 1911 est.
973 1857 1159 1910 Iacent
1200 1858 1418 1927 strenui,
1456 1858 1744 1910 laudantur
1788 1857 1867 1910 in-

190 1934 369 2003 probi,
421 1937 475 1986 et
522 1932 775 2002 quicquid
820 1931 947 1984 huic
995 1931 1225 2001 profuit,
1276 1931 1433 1983 illum
1478 1931 1697 1984 incauta
1749 1931 1866 1984 imi-

190 2008 396 2061 tatione
437 2008 658 2076 decepit.
1891 2027 1935 2060 25
2013 2071 2014 2074 Ἴ

953 2092 1106 2150 VIII.

141 2198 167 2249 1
334 2198 484 2252 Haec
516 2198 674 2251 nobis
701 2197 881 2250 omnia
906 2197 1188 2249 stellarum
1220 2197 1467 2250 cursibus
1502 2198 1864 2261 conferuntur,

188 2272 274 2324 his
298 2290 397 2325 nos
413 2271 656 2324 Fortuna
680 2270 1038 2323 varietatibus
1065 2271 1293 2323 conficit.
1329 2270 1481 2323 Unde
1499 2274 1583 2324 tot
1606 2271 1863 2340 exemplis

190 2365 251 2399 ac
290 2349 376 2398 tot
407 2345 710 2397 rationibus
742 2344 937 2397 moniti
977 2348 1138 2413 atque
1170 2343 1393 2397 formati
1423 2344 1606 2398 fatalis
1636 2345 1861 2398 necessi-

187 2419 318 2472 tatis
357 2418 531 2488 legem
571 2436 680 2471 non
713 2422 1156 2488 argumentorum
1193 2417 1412 2470 licentia
1441 2436 1540 2471 nec
1571 2419 1859 2471 verborum
1884 2440 1929 2472 30

333 2568 358 2606 2
389 2562 606 2606 miseram
637 2561 685 2604 A‘
801 2567 826 2604 8
857 2562 1093 2620 pompegii
1123 2567 1156 2605 P
1197 2563 1203 2620 Ι
1244 2562 1427 2607 debebat
1457 2562 1648 2606 tertium
1750 2567 1774 2605 9
1808 2564 1857 2605 et

184 2668 291 2723 post
321 2670 356 2714 Q
400 2667 422 2732 Ι
455 2665 790 2721 tryumphosP
911 2670 961 2708 11
996 2664 1379 2721 tryumphalesP
1501 2670 1554 2708 12
1594 2663 1766 2708 occidit
1796 2668 1855 2712 Q*

187 2730 241 2768 13
271 2724 450 2781 inpuris
475 2729 508 2772 Q
593 2729 646 2767 16
671 2723 790 2780 dilig
792 2723 919 2767 entia
944 2728 978 2772 Q
1062 2729 1114 2768 17
1141 2722 1342 2779 exilium,
1368 2737 1478 2767 corr.
1503 2738 1534 2766 v
1618 2726 1671 2766 18
1703 2722 1856 2780 uides]

184 2786 238 2827 ut
267 2784 347 2827 des
378 2789 411 2826 P
445 2785 451 2840 Ι
484 2782 601 2826 varii
634 2819 642 2826 .
671 2819 678 2827 .
708 2818 715 2826 .
748 2782 1088 2839 mutabilesque
1128 2795 1306 2839 semper
1343 2784 1399 2836 ef.
1436 2783 1562 2840 Very.
1583 2782 1642 2825 A.
1666 2781 1746 2824 IV
1766 2784 1856 2825 569

185 2847 237 2884 21
268 2856 360 2885 non
389 2843 587 2899 qeminat
615 2846 649 2884 Ρ
739 2846 793 2884 22
825 2841 1025 2897 pudiciis
1056 2847 1089 2884 P
1116 2843 1122 2900 1
1149 2840 1408 2897 impudicus
1436 2845 1481 2883 M
1507 2843 1513 2898 Ι
1521 2796 1769 2883 ‘qdissoluta
1798 2844 1856 2882 pa

188 2905 242 2943 23
268 2907 372 2956 post
403 2900 579 2944 strenui
616 2914 706 2945 ras.
740 2905 765 2943 1
800 2901 881 2945 litt
915 2904 959 2942 M
1001 2904 1006 2958 1
1047 2899 1246 2957 improbi
1277 2904 1364 2948 MQ
1484 2904 1539 2943 29
1570 2899 1767 2942 formato
1799 2903 1857 2941 pa
