2014 3202
1982 0 2013 46 ἓ]

179 109 286 163 164
904 107 1132 152 FIRMIGI

748 206 752 210 .
2008 166 2012 203 ι

177 230 234 283 in
271 230 357 281 his
396 228 530 281 locis
570 228 779 296 positae
819 229 1005 298 pigros
1051 229 1289 282 habeant
1333 231 1507 298 actus3
1555 227 1854 281 Mercurius
2008 205 2012 244 ⁴

177 303 379 371 (vero)
410 303 468 354 in
497 303 600 354 hoc
630 301 750 354 loco
783 303 1032 355 inventus
1064 303 1226 355 faciet
1259 302 1445 354 doctos
1471 302 1854 372 grammaticos
1907 328 1910 332 ·

180 380 423 429 oratores
475 378 779 445 geometras
829 377 1146 446 magistrOS,
1201 376 1470 428 orationes
1517 394 1641 428 suas
1693 379 1855 445 atque

179 450 513 503 defensiones
554 448 727 518 [suas]
770 450 992 502 adsidua
1031 450 1357 504 mercatione
1396 450 1710 519 vendente8‚
1761 453 1856 502 aut

180 525 273 593 qui
314 523 574 576 orationis
616 541 740 575 suae
780 523 1045 591 praesidio
1085 523 1462 576 laborantibus
1509 524 1720 576 soleant
1756 523 1857 576 ho·
1902 545 1923 577 5
1983 543 1995 561 κ

179 597 415 651 minibus
465 596 751 649 subvenire
798 596 1141 650 defendentes
1190 615 1281 650 eos
1329 600 1383 649 et
1429 598 1683 666 periculis
1725 597 1857 650 libe-

178 676 383 741 rantes;
429 689 554 723 nam
603 671 741 723 tales
782 674 960 739 erunt,
1005 674 1067 723 ut
1114 671 1180 723 ab
1230 671 1480 723 omnibus
1527 671 1856 725 cordatiores

179 764 294 798 esse
348 745 631 797 videantur
685 748 739 796 et
787 745 980 814 quibus
1029 745 1270 797 omnium
1317 745 1684 798 doctrinarum
1736 763 1858 798 con·
1938 776 1941 779 -

178 820 422 871 ferantur
468 822 773 888 augmenta.
852 818 954 871 Sed
995 817 1170 888 (hoc)
1213 821 1343 871 tunc
1387 818 1540 884 facit,
1592 838 1714 872 cum
1762 822 1856 871 aut

181 892 299 946 Iovi
332 891 648 945 coniunctus
680 891 845 944 fuerit
885 895 978 944 aut
1014 911 1045 944 a
1076 890 1345 945 malivolis
1375 892 1526 944 nulla
1557 893 1856 946 radiatione
1882 915 1925 945 10

91 971 163 1023 26
181 966 445 1036 pulsatus,
510 965 568 1020 Si
599 984 726 1018 vero
759 965 907 1018 Mars
940 985 1062 1018 eum
1096 969 1189 1017 aut
1220 964 1358 1034 <de>
1389 966 1650 1019 diametro
1683 985 1861 1036 respe-

180 1041 322 1094 xerit
355 1043 449 1092 aut
473 1039 610 1109 <de>
636 1040 898 1108 quadrato
932 1044 1027 1092 aut
1060 1039 1222 1092 simul
1256 1057 1378 1092 cum
1401 1057 1463 1091 60
1487 1039 1665 1105 fuerit,
1696 1040 1860 1094 faciet

181 1115 449 1167 delatores
483 1114 776 1166 absconsos
810 1114 1066 1166 subdolos
1100 1113 1404 1166 malitiosos
1436 1114 1725 1167 maleficos.
1763 1113 1863 1167 Fa-

183 1189 289 1242 ciet
327 1188 494 1240 etiam
532 1188 804 1240 maleficos
844 1187 1160 1240 venenarios
1203 1190 1296 1239 aut
1337 1187 1429 1255 qui
1460 1187 1598 1240 falsa
1630 1188 1860 1241 artificio

181 1262 426 1315 malitiae
463 1262 764 1331 perficiant,
800 1265 863 1314 ut
901 1265 1125 1330 propter
1162 1261 1360 1314 horum
1392 1261 1678 1314 criminum
1709 1262 1859 1314 mali·
1886 1283 1928 1315 15

182 1337 318 1389 tiam
350 1353 542 1405 graves
576 1335 1049 1389 condemnationes
1081 1335 1382 1404 incurrant3
1417 1339 1511 1387 aut
1539 1336 1682 1388 enim
1707 1336 1862 1405 quasi

182 1410 412 1462 malefici
475 1412 569 1461 aut
634 1408 789 1477 quasi
841 1409 1128 1462 falsatores
1183 1409 1604 1480 damnabuntur3
1664 1409 1861 1462 falsare

183 1486 364 1536 autem
404 1486 498 1534 aut
538 1483 753 1535 tabulas
794 1487 887 1535 aut
929 1486 1081 1536 actus
1122 1486 1216 1534 aut
1252 1486 1372 1535 acta
1402 1482 1619 1551 publica
1644 1484 1752 1536 'aut
1791 1485 1861 1541 ob

182 1558 287 1609 hoc
325 1557 608 1608 damnatos
647 1557 806 1608 malis
853 1556 1018 1609 faciet
1056 1557 1324 1609 mortibus
1363 1557 1600 1609 interire.
1676 1557 1862 1610 Faciet

185 1630 351 1683 etiam
390 1633 485 1682 aut
525 1648 555 1681 a
594 1630 762 1682 servis
803 1635 896 1682 aut
934 1634 1157 1698 propter
1198 1648 1379 1682 servos
1420 1629 1683 1682 maximas
1716 1631 1860 1683 dam·
1884 1653 1927 1683 ρο

98 1707 165 1759 27
185 1704 431 1756 nationes
472 1706 526 1756 et
561 1703 796 1755 maxima
825 1704 1078 1772 pericula.
1153 1702 1356 1764 Quodsi
1389 1704 1466 1756 sic
1498 1703 1765 1756 Mercurio
1799 1722 1861 1757 ac

185 1777 359 1830 Marte
386 1777 697 1829 constitutis
722 1776 876 1830 Luna
906 1795 961 1830 se
987 1776 1188 1829 lumine
1214 1777 1476 1829 crescenti
1508 1777 1861 1845 coniunxerit,

184 1851 534 1904 biothanatos
573 1849 756 1919 faciet,
805 1850 897 1903 sed
936 1850 1031 1919 qui
1070 1850 1359 1903 iudicantis
1399 1850 1861 1904 animadversione

184 1925 505 1994 plectantur.
584 1922 688 1976 Sed
731 1927 787 1976 et
825 1924 873 1977 si
914 1923 1006 1977 Sol
1056 1942 1177 1976 cum
1222 1923 1356 1992 ipsis
1403 1923 1567 1976 fuerit
1611 1925 1861 1978 inventus

188 1999 302 2051 sine
340 1998 653 2050 testimonio
684 1997 845 2067 Iovi8‚
883 1998 1116 2050 fiammis
1155 1996 1319 2050 faciet
1358 1998 1521 2050 exuri.
1585 1996 1689 2051 Sed
1726 1998 1859 2052 haec
1884 2020 1927 2053 25

187 2073 369 2125 omnia
405 2090 503 2141 pro
546 2070 823 2142 signorum
865 2072 1127 2141 qualitate
1167 2072 1538 2124 decernuntur.

101 2148 170 2201 28
336 2143 439 2198 Sed
487 2145 612 2214 quia
658 2145 889 2199 diximus
934 2145 1262 2206 Mercurium
1309 2146 1558 2198 omnibus
1610 2163 1666 2198 se
1715 2145 1863 2199 facili

188 2220 399 2272 ratione
447 2220 771 2289 coniungere
827 2223 881 2273 et
926 2237 1042 2272 esse
1090 2237 1212 2272 cum
1258 2219 1415 2272 bonis
1463 2219 1685 2288 bonum,
1741 2237 1863 2272 cum

339 2427 362 2465 1
395 2421 573 2465 habent
602 2427 639 2464 V
759 2427 784 2465 2
817 2436 923 2466 vero
955 2423 1061 2467 add.
1093 2439 1122 2466 κ
1257 2427 1283 2465 3
1315 2422 1547 2466 orationes
1579 2422 1624 2480 σ]
1656 2423 1862 2465 oratores

189 2486 218 2525 4
250 2494 357 2524 suas
388 2481 472 2525 del.
505 2494 531 2524 σ
651 2486 674 2523 7
709 2481 921 2524 omnibus
954 2482 1000 2540 a]
1032 2480 1298 2524 hominibus
1329 2482 1386 2535 cf.
1418 2484 1583 2534 207,11
1709 2485 1735 2523 8
1768 2494 1864 2524 om·

190 2539 349 2595 nibus,
388 2553 500 2583 corr.
533 2538 581 2581 A'
625 2540 721 2595 (ubi
758 2540 971 2583 omnibus
1011 2539 1232 2596 omnium)
1290 2541 1295 2596 1
1354 2539 1641 2594 auferantur,
1683 2553 1794 2583 corr.
1835 2555 1865 2582 v

192 2604 218 2642 9
253 2598 357 2642 add.
391 2596 439 2640 A'
542 2602 593 2640 11
628 2599 733 2642 add.
769 2598 904 2647 QVA'
1015 2604 1069 2642 12
1101 2599 1207 2642 add.
1241 2596 1378 2646 QVA‘
1489 2603 1543 2641 14
1573 2597 1787 2641 uenarios
1819 2603 1865 2640 Μ

195 2662 248 2701 15
296 2656 561 2700 malitiosae
605 2660 651 2699 Μ
705 2658 711 2714 1
768 2658 839 2715 ut]
888 2660 971 2701 aut
1015 2662 1118 2700 P³R
1269 2661 1320 2699 17
1367 2655 1549 2712 falsari,
1599 2670 1711 2700 corr.
1759 2657 1865 2701 Sittl

194 2720 249 2759 18
282 2715 519 2771 tabulares
549 2720 583 2757 Ρ
639 2716 645 2772 Ι
700 2730 854 2771 nempe
885 2719 932 2760 et
963 2716 1021 2760 ob
1079 2719 1085 2772 Ι
1143 2715 1221 2774 ob]
1255 2715 1314 2758 ab
1345 2719 1423 2757 PB
1560 2719 1612 2757 19
1643 2714 1863 2771 moribus,

193 2788 307 2818 corr.
340 2773 431 2822 QA'
555 2778 609 2817 22
642 2773 921 2818 constitutus
953 2777 1040 2832 (-to
1071 2778 1142 2832 V),
1174 2788 1286 2819 corr.
1320 2777 1354 2822 Q,
1485 2778 1541 2816 24
1573 2772 1650 2817 Sol
1682 2788 1786 2817 cum
1815 2775 1862 2832 a]

196 2832 304 2876 solis
396 2838 450 2877 26
484 2832 736 2877 secundum
760 2847 793 2876 s.
820 2833 1098 2888 qualitatem
1119 2838 1157 2875 V
1185 2835 1190 2890 Ι
1219 2831 1480 2876 decernitur
1502 2836 1631 2874 MPR
1715 2838 1769 2876 27
1802 2834 1860 2887 cf.

196 2892 257 2934 ad
287 2895 361 2945 49,
386 2902 427 2933 13
549 2897 602 2936 28
633 2890 908 2947 radiatione,
939 2906 1051 2937 corr.
1085 2909 1113 2936 κ
1140 2892 1146 2949 Ι
1172 2890 1305 2935 bonis
1338 2891 1405 2935 bis
1434 2895 1470 2932 V
