2014 3202
247 132 350 184 196
695 107 697 109 ¹
959 132 1186 177 meci

191 251 407 305 3sionis
455 249 687 303 exhibui.
771 251 835 303 In
875 252 986 304 otio
1032 252 1215 321 itaque
1263 252 1590 305 constitutus
1640 255 1694 304 et
1730 251 1906 304 foren-
1949 263 1953 267 ’

243 326 381 377 sium
436 325 789 376 certaminum
839 325 1328 395 depugnationibus
1379 326 1663 395 liberatus,
1718 328 1918 378 exutus

242 399 406 451 etiam
446 398 837 466 quodammodo
876 398 1106 452 invidiae
1145 398 1350 470 laqueis
1389 399 1651 467 improbis
1694 417 1754 452 ac
1794 412 1909 467 per·

241 471 702 524 fidis'hominibus
737 489 916 524 crassa
938 471 1141 525 invidia
1164 476 1219 524 et
1243 473 1498 541 rapiendi,
1529 472 1695 526 immo
1727 473 1908 541 potius
1959 497 1961 499 ·

241 545 596 597 latrocinandi
643 548 912 613 potestate
961 546 1223 614 permissa
1268 547 1366 598 hos
1414 546 1481 599 ad
1527 550 1603 614 te,
1636 545 1908 613 -Lolliane,
1955 569 1974 601 5

244 620 462 672 solutus·
501 619 647 671 omni
695 618 1091 671 sollicitudinis
1121 638 1247 672 cura
1292 620 1460 673 libros
1512 619 1724 688 scripsi,
1772 622 1833 672 ut
1879 637 1911 671 a
1947 684 1949 686 Ι

243 697 457 746 terrena
489 693 881 761 quodammodo
915 693 1316 746 conversatione
1350 693 1616 762 sepositus
1650 712 1714 746 ex
1746 693 1930 762 quali-.

245 770 663 835 cumque-parte
704 766 770 818 ad
808 765 1086 836 purganda
1125 766 1289 819 animi
1327 765 1476 837 vitia,
1515 785 1648 835 quae
1692 785 1757 819 ex
1795 785 1912 835 pra·
1987 801 1991 805 ι

243 858 433 892 vorum
470 839 751 892 hominum
793 838 1195 892 conversatione
1234 843 1626 909 contraxeram,
1674 841 1913 893 caelesti-

244 915 343 966 bus
385 913 469 966 me
511 933 571 966 ac
611 913 805 966 divinis
845 913 1297 982 disputationibus
1339 914 1675 983 adplicarem.
1938 937 1980 969 10

194 987 228 1039 4
391 986 457 1039 In
494 986 597 1040 hoc
635 986 817 1055 itaque
856 987 998 1039 libro
1036 987 1091 1039 id
1120 987 1360 1056 principe
1391 987 1510 1040 loco
1543 986 1912 1056 explicabitur,

247 1061 390 1130 quod
427 1061 485 1113 in
514 1061 905 1130 posterioribus
937 1055 1087 1113 tertii
1118 1060 1245 1113 libri
1277 1061 1522 1130 partibus
1552 1061 1914 1131 promisimuS,

243 1135 383 1188 idest
421 1134 603 1188 Lunae
652 1153 835 1187 omnes
884 1134 1088 1204 species
1137 1152 1197 1187 ac
1237 1135 1464 1203 formae,
1512 1134 1914 1188 coniunctiones

246 1210 424 1278 etiam,
471 1209 818 1261 defluctiones
859 1212 913 1261 et
954 1207 1207 1277 quicquid
1255 1209 1321 1260 ad
1367 1207 1479 1261 eius
1526 1207 1761 1261 numinis
1802 1225 1917 1276 per-

245 1284 384 1335 tinet
422 1285 775 1352 potestatem,
821 1281 1091 1335 Fortunae
1131 1282 1294 1335 etiam
1339 1282 1490 1335 locus
1531 1285 1584 1335 et
1623 1279 1913 1350 daemonis,
1939 1302 1980 1334 15

248 1356 524 1426 geniturae
550 1356 811 1424 dominus,
844 1375 1004 1425 quem
1030 1355 1258 1409 Graeci
1291 1356 1680 1425 oecodespoten
1705 1358 1914 1424 vocant,

247 1430 495 1500 diligenti
535 1430 743 1483 ratione
783 1430 1124 1494 tractabitur,
1164 1433 1217 1482 et
1256 1430 1370 1482 eius
1410 1430 1588 1499 etiam,
1632 1429 1724 1499 qui
1763 1431 1914 1482 actus

248 1504 499 1573 decernit,
538 1504 802 1556 efficacias
845 1504 1143 1573 explicab03
1185 1503 1278 1556 sed
1316 1507 1371 1556 et
1409 1504 1594 1572 plenas
1633 1506 1815 1573 partes
1855 1519 1916 1555 ac

247 1594 441 1629 vacuas
474 1595 760 1646 earumque
793 1578 1005 1630 decreta
1036 1577 1364 1647 monstrabO,
1396 1577 1718 1630 masculinas
1752 1576 1916 1629 etiam

251 1669 311 1703 ac
335 1649 620 1703 femininas
645 1653 825 1719 partes
851 1650 1054 1719 pariter
1079 1651 1372 1719 ostendam,
1405 1654 1459 1702 et
1483 1650 1701 1703 ultimas
1733 1653 1912 1718 partes
1939 1671 1982 1703 20

200 1723 400 1776 5Luna
437 1741 622 1776 rursus
664 1724 904 1792 accipiet.
981 1722 1175 1776 Omnia
1218 1724 1373 1789 enim,
1421 1741 1554 1792 quae
1591 1722 1914 1792 Aesculapio

251 1798 601 1850 Mercurius
626 1796 897 1866 †einhnus
931 1797 1022 1849 uix
1053 1796 1405 1863 tradiderunt,
1436 1815 1569 1866 quae
1594 1795 1915 1850 Petosiris

252 1871 537 1939 explicavit
575 1875 629 1924 et
668 1870 999 1940 Nechepso
1040 1874 1095 1923 et
1135 1889 1269 1940 quae
1301 1870 1559 1940 Abram,
1599 1870 1829 1923 Orfeus
1862 1873 1917 1922 et

252 1943 655 1998 Critodemus
706 1943 984 1997 ediderunt
1042 1943 1144 2014 [et]
1204 1944 1470 2013 ceterique
1523 1962 1706 1997 omnes
1757 1943 1916 1997 huius

253 2018 384 2070 artis
425 2017 538 2087 scii,
576 2018 814 2088 perlecta
851 2018 1054 2087 pariter
1093 2021 1255 2087 atque
1287 2018 1513 2070 collecta
1544 2022 1598 2070 et
1630 2014 1916 2081 contrariis
1941 2038 1983 2070 25

254 2093 642 2145 sententiarum
681 2091 1084 2145 diversitatibus
1126 2095 1437 2160 comparata
1467 2090 1576 2144 illis
1608 2090 1918 2161 perscripsi·
1998 2143 2000 2148 .

254 2184 371 2218 mus
418 2166 572 2218 libris
626 2165 862 2219 divinam
910 2165 1188 2219 scientiam
1234 2165 1491 2218 Romanis
1547 2165 1794 2219 omnibns
1842 2164 1919 2217 in·

255 2240 526 2308 timanteS,
564 2242 625 2292 ut
662 2239 780 2306 hoc,
820 2240 962 2307 quod
1001 2239 1318 2308 quibusdam
1358 2237 1735 2292 difficillimum
1773 2237 1918 2290 vidc-

254 2313 417 2364 batur
454 2316 675 2381 propter
711 2311 894 2365 Latini
932 2312 1194 2365 sermonis
1234 2313 1525 2383 angustias,
1566 2315 1781 2366 ostensa
1816 2310 1918 2363 Ro-

257 2386 402 2439 mani
441 2386 702 2438 sermonis
741 2386 959 2439 licentia
997 2387 1135 2439 veris
1177 2404 1237 2458 ac
1269 2385 1567 2447 manifestis
1599 2386 1918 2453 interpreta-
1942 2405 2003 2438 30*

256 2459 495 2512 tionibus
536 2458 868 2528 explicarem.

406 2623 428 2660 1
464 2617 619 2662 exibui
648 2622 692 2660 Μ
841 2623 867 2661 4
898 2632 1079 2675 grassa,
1113 2633 1223 2663 corr.
1257 2617 1305 2661 A'
1456 2622 1481 2660 5
1513 2615 1833 2660 latrocinando
1865 2621 1922 2659 pa

260 2683 285 2722 6
318 2676 478 2733 omnis,
510 2691 621 2722 corr.
648 2680 682 2724 Q
785 2680 838 2719 10
870 2676 1054 2721 duuinis
1086 2681 1131 2720 Π
1229 2681 1282 2720 16
1314 2675 1670 2732 oecodespotent
1760 2679 1813 2718 19
1846 2688 1920 2719 ea-

260 2751 362 2779 rum
391 2740 428 2777 V
562 2740 614 2780 21
649 2733 878 2791 escolapio
1013 2741 1067 2779 22
1100 2735 1291 2779 emhnus
1321 2738 1359 2777 V
1398 2736 1446 2777 et
1473 2732 1716 2777 Hanubius
1752 2734 1922 2790 Teuffel

261 2795 318 2850 cf.
344 2798 416 2848 91,
444 2804 483 2835 13
521 2795 526 2851 Ι
561 2806 679 2849 quae
703 2792 943 2852 Petosiris]
968 2809 1009 2850 q.
1035 2810 1077 2851 p.
1105 2796 1152 2838 et
1175 2792 1306 2837 osiris
1418 2797 1472 2835 23
1504 2792 1704 2853 nehepso
1730 2794 1803 2848 (ne
1836 2791 1920 2842 hso

261 2854 315 2909 V)
342 2855 350 2910 Ι
378 2852 569 2907 abraam
590 2857 635 2895 Μ
661 2852 667 2911 Ι
695 2851 890 2908 orpheus
914 2857 1002 2895 MV
1107 2858 1162 2896 24
1194 2854 1241 2895 et
1263 2851 1347 2902 del.¹
1370 2866 1399 2893 v
1503 2855 1557 2894 25
1587 2850 1670 2895 scii
1694 2851 1782 2896 Sitt
1843 2864 1922 2895 an-

261 2910 367 2954 tisci
397 2910 613 2968 (antiscia
643 2912 698 2967 V)
725 2911 731 2968 1
757 2909 930 2966 pariter
962 2924 1043 2955 om.
1068 2915 1112 2953 M
1231 2914 1284 2953 31
1317 2908 1558 2966 explicare,
1591 2924 1700 2955 corr.
1733 2908 1782 2952 A'
