2014 3202
619 545 890 605 LIBER
936 545 1409 608 SECUNDUS.

756 682 983 750 <PRAE
995 683 1270 753 FATIO.>

129 797 158 847 1
326 793 635 846 Matheseos
676 794 928 862 scripturi
973 794 1143 847 libros
1190 812 1304 863 eOS,
1351 794 1443 863 qui
1490 796 1711 848 eandem
1749 796 1852 848 dis-

177 886 294 920 cere
349 862 559 936 volunt,
612 867 848 936 primum
902 868 1187 920 instituere
1242 868 1520 935 debemuS,
1573 872 1634 921 ut
1687 870 1849 922 rectis

175 941 347 992 initiis
399 941 620 994 formati
673 940 887 993 facilius
941 940 1324 1010 pronuntiandi
1386 941 1667 995 scientiam
1729 961 1848 995 con-

177 1018 493 1083 sequantur,
553 1032 661 1067 non
715 1015 858 1067 enim
910 1018 1091 1083 potest
1150 1033 1334 1067 veram
1396 1016 1509 1068 eius
1565 1016 1848 1069 scientiam

178 1088 453 1156 consequi,
501 1089 606 1140 nisi
651 1087 818 1140 fuerit
862 1089 1052 1157 primis
1106 1087 1542 1142 institutionibus
1595 1091 1848 1142 eruditus,

123 1161 417 1216 2Fronto
481 1163 622 1214 enim
678 1165 863 1214 noster
921 1162 1282 1230 Hipparchi
1345 1167 1560 1215 secutus
1623 1163 1851 1216 antiscia

174 1235 254 1287 ita
293 1235 741 1304 apotelesmatum
782 1236 1077 1288 sententias
1117 1235 1368 1304 protulit,
1410 1239 1687 1304 tamquam
1727 1255 1849 1289 cum

173 1309 426 1377 perfectis
465 1309 574 1361 iam
622 1312 676 1361 et
724 1328 844 1362 cum
885 1309 1071 1378 peritis
1118 1309 1452 1379 loqueretur,
1495 1309 1633 1361 nihil
1671 1311 1735 1362 de
1772 1310 1848 1363 in-

175 1383 474 1452 stitutione,
511 1383 649 1435 nihil
690 1383 752 1435 de
792 1383 1105 1453 magisterio
1143 1383 1528 1451 praescribens,
1609 1382 1712 1436 Sed
1750 1402 1848 1437 nec
1881 1399 1883 1402 ’

175 1456 370 1525 aliquis
423 1475 592 1526 paene
644 1456 962 1509 Latinorum
1023 1457 1086 1508 de
1147 1458 1248 1509 hac
1310 1461 1425 1508 arte
1486 1456 1847 1510 institutionis

175 1530 343 1582 libros
384 1529 604 1598 scripsit
647 1530 753 1582 nisi
792 1547 992 1598 paucos
1043 1547 1223 1581 versus
1265 1530 1470 1582 Iulius
1511 1529 1746 1583 Caesar
1792 1535 1847 1583 et

174 1604 322 1671 ipsos
361 1607 542 1656 tamen
582 1604 645 1655 de
687 1603 861 1656 alieno
902 1621 1061 1671 opere
1101 1606 1394 1671 mutuatos,
1430 1602 1680 1656 Marcus
1721 1622 1846 1656 vero

174 1676 449 1746 Tullius,
487 1677 736 1746 princeps
778 1696 838 1729 ac
878 1677 1037 1729 decus
1077 1676 1351 1728 Romanae
1391 1677 1742 1746 eloquentiae,
1781 1697 1846 1730 ne

176 1751 303 1819 quid
348 1752 735 1819 :in-temptatum
781 1750 1131 1818 relinqueret,
1184 1750 1327 1818 quod
1371 1749 1563 1802 fuisset
1608 1751 1848 1803 divinum

174 1826 289 1876 eius
320 1824 597 1894 ingenium
631 1828 951 1892 assecutum,
990 1824 1233 1877 versibus
1265 1823 1495 1875 heroicis
1536 1823 1700 1876 etiam
1731 1825 1847 1894 ipse

122 1898 238 1954 3de
291 1897 633 1950 institutione
687 1916 858 1966 pauca
917 1897 1209 1966 respondit.
1286 1896 1440 1950 Unde
1497 1915 1595 1949 nos
1653 1899 1848 1967 omnia,

176 1990 310 2040 quae
365 1972 429 2024 de
482 1972 590 2023 ista
645 1979 759 2024 arte
808 1970 1124 2041 Aegyptii
1178 1969 1650 2039 Babyloniique
1705 1973 1845 2024 dixe-

173 2050 321 2110 runt,
377 2044 565 2097 docilis
613 2046 875 2098 sermonis
929 2044 1270 2097 institutione
1326 2043 1734 2114 transferemus,
1786 2050 1850 2097 ut

175 2119 246 2186 hi,
287 2119 379 2187 qui
419 2119 486 2170 ad
519 2119 833 2188 explicanda
869 2119 1150 2171 hominum
1189 2117 1304 2169 fata
1340 2116 1659 2187 formantur,
1697 2119 1851 2187 pede-

324 2253 347 2290 1
381 2249 438 2302 ef.
471 2249 533 2291 ad
556 2263 606 2304 p.
640 2252 715 2302 39,
741 2258 759 2288 7
850 2253 875 2291 2
906 2246 1137 2305 praefatio
1169 2247 1432 2290 addidimus
1529 2253 1555 2290 3
1587 2248 1849 2292 matheseos

173 2307 261 2349 inc.
285 2310 323 2347 V
346 2307 380 2360 f.
405 2310 484 2350 10r
533 2308 538 2364 Ι
589 2307 764 2363 eadem,
796 2321 909 2351 corr.
940 2322 971 2349 v
1090 2312 1114 2350 7
1146 2321 1201 2351 ne
1232 2307 1430 2349 conicias
1459 2305 1551 2349 nisi
1583 2305 1757 2372 (qui),
1789 2308 1847 2361 cf.

177 2364 223 2409 C.
243 2364 300 2407 F.
326 2365 395 2408 W.
423 2365 621 2409 Mueller
652 2367 678 2408 l.
713 2367 774 2409 ad
803 2370 879 2421 26,
904 2377 949 2407 2⁶
980 2367 1006 2410 l.
1107 2371 1132 2410 8
1171 2363 1430 2421 hypparchi
1460 2370 1540 2407 PR
1569 2364 1783 2422 hiparchi
1814 2370 1850 2414 Q,

172 2422 400 2479 hyparchi
437 2428 474 2465 V
532 2425 536 2481 Ι
597 2424 797 2481 uestigia
834 2427 882 2467 et
919 2424 1117 2468 antiscia
1147 2429 1182 2472 Q
1330 2429 1355 2466 9
1392 2423 1779 2479 apotolesmatum
1809 2428 1848 2466 V

176 2486 227 2525 11
264 2484 335 2525 set
363 2486 401 2524 V
552 2487 606 2526 12
637 2481 892 2526 institionis
922 2488 962 2526 B
1111 2489 1166 2526 14
1196 2483 1437 2526 mutuatus
1467 2481 1518 2524 A'
1552 2489 1600 2526 at
1629 2484 1684 2536 cf.
1718 2483 1848 2527 Neue

173 2541 254 2584 11³
286 2544 348 2584 68
388 2541 544 2596 (Paul.
579 2542 684 2584 Nol.
713 2557 761 2597 p.
793 2545 900 2596 206,
925 2554 943 2582 1
983 2542 1078 2586 Sid.
1103 2543 1191 2598 Ap.
1221 2545 1329 2594 201,
1356 2552 1391 2580 15
1436 2541 1579 2585 Mart.
1613 2541 1722 2596 Cap.
1755 2544 1847 2585 509

173 2600 295 2643 Fest.
322 2602 427 2654 153,
450 2610 472 2640 3
497 2599 567 2643 Μ.
586 2600 741 2643 Boeth.
768 2601 948 2644 arithm.
974 2615 1023 2656 p.
1049 2605 1124 2655 12,
1145 2611 1182 2642 17
1213 2598 1387 2643 Friedl.
1413 2599 1573 2643 Faust.
1593 2614 1642 2655 p.
1668 2603 1772 2654 107,
1791 2611 1843 2643 21.

172 2662 280 2711 193,
307 2670 347 2699 11
378 2659 509 2702 addit
540 2659 756 2713 Mueller)
895 2664 949 2702 15
978 2659 1195 2715 princebs
1226 2663 1263 2701 V
1319 2658 1325 2715 Ι
1383 2657 1522 2700 decus
1554 2659 1610 2715 A]
1643 2658 1755 2700 deus
1787 2659 1845 2712 cf.

181 2717 314 2760 VIII
337 2718 415 2771 fol.
445 2717 572 2761 CIII
596 2718 674 2762 col.
701 2720 729 2760 3
760 2718 823 2760 in.
939 2722 993 2761 16
1026 2734 1090 2762 an
1119 2717 1243 2774 quod
1275 2716 1465 2774 <non>?
1570 2721 1622 2759 18
1653 2723 1848 2772 expectes

174 2774 389 2831 exposuit
418 2777 486 2819 vel
515 2777 610 2820 sim.
633 2777 756 2877 Quos
789 2775 931 2818 etiam
962 2777 1118 2820 omnia
1149 2781 1184 2825 Q
1274 2779 1328 2818 19
1361 2774 1638 2834 egiptii'QV
1673 2775 1678 2832 Ι
1715 2774 1847 2818 babi-

174 2833 381 2889 loniique
411 2839 540 2883 ΕΘΝ
570 2835 633 2878 ba
666 2834 886 2890 ylonique
917 2839 950 2876 P
1063 2841 1118 2879 20
1151 2832 1289 2879 d'ocili
1319 2832 1368 2875 A'
1472 2838 1523 2875 21
1557 2832 1625 2875 hii
1655 2837 1724 2881 PQ
1751 2835 1756 2891 Ι
1786 2834 1846 2876 ad

173 2907 257 2936 om.
282 2897 320 2933 V
361 2894 368 2949 Ι
410 2893 537 2948 facta
567 2898 600 2935 P
