2014 3202
851 149 917 194 111
939 154 979 206 6,
1004 162 1162 194 16—21.
1484 215 1489 218 γ
1738 151 1842 203 149

172 271 393 340 palatiis
432 267 620 340 regum
658 270 743 323 vel
782 270 838 322 in
869 270 1173 339 potentium
1205 271 1446 324 virorum
1486 271 1735 324 domibus
1774 271 1849 324 ob

172 345 585 398 fabricationem
637 344 829 396 harum
883 362 1089 411 rerum,
1150 363 1284 413 quae
1339 345 1406 397 ad
1461 345 1666 398 cultum
1720 348 1847 398 sunt
1921 361 1925 371 ¹

173 420 460 471 mulierum
507 418 863 487 necessariae,
918 423 1264 487 perseverant
1318 419 1463 489 grati
1518 437 1730 487 semper
1783 437 1847 472 ex

172 493 259 546 his
300 511 361 546 ac
398 492 688 545 necessarii
727 491 855 559 <et>
894 495 1117 560 propter
1155 492 1253 544 has
1286 511 1370 545 res
1410 492 1844 562 promotionibus

130 588 150 621 5
176 566 444 635 aliquibus
485 566 815 618 adornantur
855 569 909 617 et
942 584 1007 618 ex
1036 566 1122 618 his
1154 567 1315 619 rebus
1356 570 1646 637 augmenta
1683 567 1849 635 patri-

174 640 342 693 monii
394 639 627 692 maxima
682 643 1090 709 consequentur.
1176 639 1232 692 Si
1288 659 1441 713 vero>
1476 639 1554 693 sic
1607 640 1848 710 positam
1865 640 1936 694 20

173 714 438 767 Venerem
483 712 631 766 Mars
678 714 735 766 in
783 714 1046 766 diametro
1094 714 1422 767 constitutus
1478 715 1562 767 vel
1613 715 1671 766 in
1722 733 1846 783 qua-
1907 737 1911 740 ⁴

174 787 327 840 drato
366 788 685 856 respexerit,
732 788 1053 856 praesertim
1093 788 1139 840 si
1177 788 1292 857 ipse
1333 789 1405 841 sit
1442 789 1500 840 in
1539 788 1848 842 cardinibus

175 860 519 925 constitutUS‚
557 860 807 914 inimicos
837 862 1130 930 habebunt,
1168 862 1427 915 videbunt
1459 862 1626 915 etiam
1658 879 1849 932 graves

110 957 152 989 10
176 939 378 987 mortes
416 935 678 1004 filiorum3
718 939 876 988 erunt
915 936 1080 989 etiam
1119 935 1324 989 inimici
1354 936 1592 988 filiorum
1632 939 1726 988 aut
1765 936 1852 988 ad·

174 1007 358 1061 ulterii
391 1012 484 1061 aut
517 1009 693 1078 stupri
726 1027 902 1062 causa.
964 1007 1021 1062 Si
1053 1028 1180 1062 vero
1214 1010 1291 1063 sic
1321 1010 1559 1079 positam
1583 1009 1850 1062 Venerem

176 1101 298 1136 cum
329 1083 473 1135 Iovis
508 1082 667 1135 stella
697 1082 995 1136 Mercurius
1036 1083 1098 1135 de
1132 1084 1394 1152 quadrato
1428 1084 1725 1152 respexerit
1765 1085 1848 1136 vel

178 1155 442 1209 Saturnus
476 1157 622 1209 solus
654 1157 711 1209 in
735 1157 999 1210 diametro
1024 1156 1255 1227 [venerit
1278 1157 1387 1226 vel]
1412 1158 1576 1210 fuerit
1598 1158 1850 1210 inventus

176 1229 445 1283 Mercurio
485 1231 542 1285 in
581 1230 843 1300 quadrato
882 1231 967 1283 vel
1008 1250 1130 1284 cum
1168 1232 1287 1300 ipsa
1326 1232 1640 1300 constituto,
1679 1231 1765 1284 vel
1804 1231 1850 1282 si

111 1324 152 1357 15
178 1304 337 1356 simul
388 1302 652 1357 Saturnus
701 1308 755 1356 et
802 1304 987 1358 Venus
1035 1323 1157 1358 cum
1203 1304 1471 1358 Mercurio
1517 1304 1683 1357 fuerit
1733 1323 1854 1358 con-

179 1377 387 1443 stituta,
419 1378 476 1429 in
506 1377 610 1431 hoc
642 1378 851 1431 scilicet
883 1396 988 1447 quo
1021 1378 1251 1431 diximus
1276 1380 1411 1448 loc0,
1442 1379 1606 1432 faciet
1638 1379 1851 1431 steriles

179 1451 292 1503 sine
325 1452 541 1519 semine,
573 1470 863 1520 puerorum
895 1455 1163 1505 amatores
1194 1452 1513 1506 libidinosos
1547 1455 1601 1505 et
1628 1456 1854 1521 propter

176 1524 308 1578 haec
347 1525 481 1577 vitia
523 1526 579 1578 in
617 1525 921 1579 homicidiis
969 1530 1063 1578 aut
1101 1526 1353 1595 periculis
1404 1531 1498 1579 aut
1536 1527 1852 1580 criminibus

178 1599 519 1651 constitutos.
599 1598 657 1652 Si
709 1618 835 1652 vero
890 1600 1084 1652 mulier
1139 1601 1215 1652 sic
1267 1600 1520 1653 habuerit
1572 1599 1861 1668 Venerem,-

112 1694 155 1726 ιο
179 1672 320 1725 sicut
366 1673 624 1744 diximuS‚
679 1691 801 1726 cum
846 1673 948 1726 hac
1000 1674 1207 1727 scilicet
1255 1675 1628 1728 coniunctione
1675 1673 1855 1727 stella-

178 1764 314 1815 rum,
353 1748 594 1800 virorum
634 1751 787 1800 actus
828 1766 1038 1816 semper
1075 1748 1395 1802 imitabitur.

324 1818 387 1872 In
441 1821 647 1874 decimo
703 1822 822 1874 loco
870 1821 1055 1875 Venus
1110 1822 1178 1874 ab
1231 1821 1534 1891 horoscopo
1589 1823 1637 1876 si
1689 1821 1854 1874 fuerit
1870 1821 1941 1876 21

177 1893 418 1963 inventa,
464 1895 605 1947 idest
650 1895 707 1947 in
745 1894 886 1964 MC„
931 1895 1096 1948 faciet
1145 1896 1318 1948 claros
1367 1899 1421 1948 et
1468 1899 1755 1949 coronatos
1799 1899 1854 1948 et

180 1967 375 2034 quibus
415 1968 633 2037 grandis
674 1969 851 2039 gloria
898 1973 952 2021 et
991 1970 1210 2021 fortuna
1249 1970 1483 2022 maxima
1530 1969 1855 2022 conferatur.

94 2061 156 2094 ·25
183 2038 240 2092 Si
278 2059 405 2093 vero
444 2042 548 2095 hoc
587 2042 705 2102 loco
747 2061 868 2095 cum
907 2042 1175 2096 Mercurio
1216 2042 1381 2095 fuerit
1420 2044 1654 2111 inventa,
1691 2042 1855 2096 faciet

181 2114 428 2166 cordatos
469 2114 782 2184 disciplinae
822 2120 1086 2185 auctores⁴
1116 2119 1171 2168 et
1219 2116 1333 2184 qui,
1381 2117 1523 2185 quod
1569 2117 1856 2184 voluerint,

178 2187 337 2239 facile
386 2192 796 2257 consequantur.
874 2189 929 2242 Si
979 2190 1129 2242 nulla
1176 2187 1440 2242 Saturnus
1496 2194 1550 2242 et
1597 2190 1743 2243 Mars
1798 2209 1854 2243 se

180 2261 229 2313 ei
283 2261 581 2314 radiatione
636 2263 1038 2331 coniunxerint,
1093 2264 1212 2332 ipsa
1263 2282 1389 2316 vero
1446 2264 1519 2316 sit
1571 2265 1854 2333 matutina,

179 2333 312 2387 facit
357 2335 604 2403 publicos
651 2337 884 2389 musicos
932 2341 987 2389 et
1034 2338 1127 2405 qui
1174 2355 1206 2389 a
1243 2338 1458 2406 populis
1505 2338 1853 2407 honorentur.

114 2429 157 2462 πο
183 2405 240 2460 Si
279 2426 405 2462 vero
446 2426 501 2461 se
542 2410 591 2462 ei
634 2408 898 2462 Saturnus
946 2409 1127 2479 aliqua
1164 2410 1463 2464 radiatione
1503 2412 1853 2475 coniunxerit,

326 2587 354 2626 4
385 2582 672 2640 necessariis,
697 2597 809 2628 corr.
828 2601 855 2628 κ
884 2585 888 2642 Ι
917 2585 1022 2629 add.
1048 2600 1075 2627 a
1166 2588 1191 2628 5
1226 2585 1479 2630 adorantur
1502 2590 1591 2628 MV
1684 2589 1735 2627 11
1771 2586 1856 2628 aut

183 2640 222 2684 si
253 2642 402 2699 stupri
432 2641 589 2685 MPRb
691 2647 745 2686 13
778 2644 860 2687 del.
895 2659 922 2685 a
953 2657 1016 2687 an
1047 2643 1268 2689 Veneris?
1362 2651 1416 2688 14
1446 2643 1698 2688 mercurius
1730 2648 1811 2686 PB.
1843 2643 1852 2702 Ι

180 2701 315 2744 verba
352 2701 425 2745 vel
465 2701 503 2744 si
534 2706 656 2745 —15
689 2701 945 2746 constituta
983 2715 1076 2746 ‘non
1104 2703 1307 2761 inteqra;
1345 2703 1519 2747 fuerint
1548 2701 1792 2746 constituti
1825 2717 1856 2745 v

183 2763 238 2802 20
267 2759 354 2818 hec
377 2764 467 2802 MV
573 2765 628 2804 23
660 2760 778 2818 Mo]
811 2774 946 2804 merc.
979 2765 1024 2814 Μ
1127 2766 1183 2805 26
1215 2762 1489 2820 (musicae)
1521 2760 1795 2818 disciplinae
1825 2777 1855 2805 κ

181 2817 232 2861 cl.
264 2819 357 2861 III
381 2822 464 2873 12,
497 2828 538 2860 17
565 2822 571 2876 Ι
599 2819 679 2876 qui
719 2819 861 2878 quod]
902 2819 1124 2876 quicquid
1168 2820 1259 2864 PA'
1302 2821 1451 2881 (qui)
1490 2819 1724 2876 quioquid,
1750 2820 1857 2865 Sittz

182 2877 238 2990 <28
269 2876 558 2991 οῗῃὶυῃκεῑίὺ
594 2883 683 2922 HV
740 2880 747 2938 1
804 2878 867 2922 sit
896 2877 968 2937 A‘]
1017 2878 1055 2922 si
1092 2879 1150 2937 (si
1192 2879 1333 2924 fuerit
1362 2882 1416 2937 V)
1567 2884 1623 2922 30
1663 2878 1729 2922 eis
1768 2883 1854 2921 ΠΡ

201 2947 220 2975 s
251 2947 306 2979 ss.
355 2938 394 2977 B.
