<?xml version="1.0" encoding="UTF-8"?>
<!DOCTYPE html PUBLIC "-//W3C//DTD XHTML 1.0 Transitional//EN"
    "http://www.w3.org/TR/xhtml1/DTD/xhtml1-transitional.dtd">
<html xmlns="http://www.w3.org/1999/xhtml" xml:lang="en" lang="en">
 <head>
  <title>
</title>
<meta http-equiv="Content-Type" content="text/html;charset=utf-8" />
  <meta name='ocr-system' content='tesseract 3.04.00' />
  <meta name='ocr-capabilities' content='ocr_page ocr_carea ocr_par ocr_line ocrx_word'/>
</head>
<body>
  <div class='ocr_page' id='page_1' title='image "./matheseoslibrivi01firmuoft_0132.png"; bbox 0 0 2014 3202; ppageno 0'>
   <div class='ocr_carea' id='block_1_1' title="bbox 167 115 1114 170">
    <p class='ocr_par' dir='ltr' id='par_1_1' title="bbox 167 115 1114 170">
     <span class='ocr_line' id='line_1_1' title="bbox 167 115 1114 170; baseline -0.013 0"><span class='ocrx_word' id='word_1_1' title='bbox 167 117 271 170; x_wconf 88' lang='grc'>116</span> <span class='ocrx_word' id='word_1_2' title='bbox 882 115 1114 160; x_wconf 80' lang='lat' dir='ltr'>FIRMICI</span> 
     </span>
    </p>
   </div>
   <div class='ocr_carea' id='block_1_2' title="bbox 165 234 1842 527">
    <p class='ocr_par' dir='ltr' id='par_1_2' title="bbox 165 234 1842 527">
     <span class='ocr_line' id='line_1_2' title="bbox 165 234 1841 306; baseline 0 -16"><span class='ocrx_word' id='word_1_3' title='bbox 165 256 251 290; x_wconf 90' lang='lat' dir='ltr'>res</span> <span class='ocrx_word' id='word_1_4' title='bbox 299 239 504 304; x_wconf 90' lang='lat' dir='ltr'>autem,</span> <span class='ocrx_word' id='word_1_5' title='bbox 553 234 646 304; x_wconf 93' lang='lat' dir='ltr'>qui</span> <span class='ocrx_word' id='word_1_6' title='bbox 691 235 768 288; x_wconf 87' lang='lat' dir='ltr'>sic</span> <span class='ocrx_word' id='word_1_7' title='bbox 814 234 1046 288; x_wconf 89' lang='lat' dir='ltr'>Martem</span> <span class='ocrx_word' id='word_1_8' title='bbox 1092 236 1366 306; x_wconf 85' lang='lat' dir='ltr'>habuerit,</span> <span class='ocrx_word' id='word_1_9' title='bbox 1413 236 1740 290; x_wconf 73' lang='lat' dir='ltr'>desiderabit</span> <span class='ocrx_word' id='word_1_10' title='bbox 1787 240 1841 290; x_wconf 93' lang='lat' dir='ltr'>et</span> 
     </span>
     <span class='ocr_line' id='line_1_3' title="bbox 168 309 1841 364; baseline 0 -1"><span class='ocrx_word' id='word_1_11' title='bbox 168 310 416 364; x_wconf 89' lang='lat' dir='ltr'>omnibus</span> <span class='ocrx_word' id='word_1_12' title='bbox 459 309 722 362; x_wconf 73' lang='lat' dir='ltr'>invidebit</span> <span class='ocrx_word' id='word_1_13' title='bbox 768 313 824 362; x_wconf 92' lang='lat' dir='ltr'>et</span> <span class='ocrx_word' id='word_1_14' title='bbox 871 309 1095 362; x_wconf 87' lang='lat' dir='ltr'>habebit</span> <span class='ocrx_word' id='word_1_15' title='bbox 1141 310 1362 363; x_wconf 85' lang='lat' dir='ltr'>maximi</span> <span class='ocrx_word' id='word_1_16' title='bbox 1402 310 1679 364; x_wconf 91' lang='lat' dir='ltr'>cuiusdam</span> <span class='ocrx_word' id='word_1_17' title='bbox 1716 310 1841 364; x_wconf 88' lang='lat' dir='ltr'>faci-</span> 
     </span>
     <span class='ocr_line' id='line_1_4' title="bbox 166 382 1842 445; baseline -0.001 -8"><span class='ocrx_word' id='word_1_18' title='bbox 166 384 315 437; x_wconf 92' lang='lat' dir='ltr'>noris</span> <span class='ocrx_word' id='word_1_19' title='bbox 364 384 562 436; x_wconf 92' lang='lat' dir='ltr'>malam</span> <span class='ocrx_word' id='word_1_20' title='bbox 609 383 1008 436; x_wconf 65' lang='lat' dir='ltr'>conscientiam.</span> <span class='ocrx_word' id='word_1_21' title='bbox 1085 382 1287 445; x_wconf 80' lang='lat' dir='ltr'>Quodsi</span> <span class='ocrx_word' id='word_1_22' title='bbox 1335 384 1411 437; x_wconf 91' lang='lat' dir='ltr'>sic</span> <span class='ocrx_word' id='word_1_23' title='bbox 1459 384 1634 437; x_wconf 88' lang='lat' dir='ltr'>Marte</span> <span class='ocrx_word' id='word_1_24' title='bbox 1682 385 1842 438; x_wconf 91' lang='lat' dir='ltr'>collo-</span> 
     </span>
     <span class='ocr_line' id='line_1_5' title="bbox 170 456 1842 527; baseline 0 -16"><span class='ocrx_word' id='word_1_25' title='bbox 170 461 291 511; x_wconf 91' lang='lat' dir='ltr'>cato</span> <span class='ocrx_word' id='word_1_26' title='bbox 346 458 402 510; x_wconf 91' lang='lat' dir='ltr'>in</span> <span class='ocrx_word' id='word_1_27' title='bbox 447 456 539 510; x_wconf 92' lang='lat' dir='ltr'>XI.</span> <span class='ocrx_word' id='word_1_28' title='bbox 587 457 867 526; x_wconf 84' lang='lat' dir='ltr'>geniturae</span> <span class='ocrx_word' id='word_1_29' title='bbox 919 457 1038 511; x_wconf 89' lang='lat' dir='ltr'>loco</span> <span class='ocrx_word' id='word_1_30' title='bbox 1085 457 1329 527; x_wconf 87' lang='lat' dir='ltr'>Iuppiter</span> <span class='ocrx_word' id='word_1_31' title='bbox 1382 458 1546 510; x_wconf 86' lang='lat' dir='ltr'>fuerit</span> <span class='ocrx_word' id='word_1_32' title='bbox 1592 459 1842 511; x_wconf 84' lang='lat' dir='ltr'>inventus</span> 
     </span>
    </p>
   </div>
   <div class='ocr_carea' id='block_1_3' title="bbox 169 530 2002 604">
    <p class='ocr_par' dir='ltr' id='par_1_3' title="bbox 169 530 2002 604">
     <span class='ocr_line' id='line_1_6' title="bbox 169 530 2002 604; baseline 0 -19"><span class='ocrx_word' id='word_1_33' title='bbox 169 531 254 585; x_wconf 83' lang='lat' dir='ltr'>vel</span> <span class='ocrx_word' id='word_1_34' title='bbox 292 532 349 583; x_wconf 92' lang='lat' dir='ltr'>in</span> <span class='ocrx_word' id='word_1_35' title='bbox 379 530 517 598; x_wconf 70' lang='lat' dir='ltr'>VII„</span> <span class='ocrx_word' id='word_1_36' title='bbox 556 530 697 583; x_wconf 90' lang='lat' dir='ltr'>idest</span> <span class='ocrx_word' id='word_1_37' title='bbox 737 548 945 604; x_wconf 82' lang='lat' dir='ltr'>occasu,</span> <span class='ocrx_word' id='word_1_38' title='bbox 982 530 1128 598; x_wconf 86' lang='lat' dir='ltr'>facit,</span> <span class='ocrx_word' id='word_1_39' title='bbox 1167 536 1228 584; x_wconf 94' lang='lat' dir='ltr'>ut</span> <span class='ocrx_word' id='word_1_40' title='bbox 1266 532 1324 584; x_wconf 92' lang='lat' dir='ltr'>in</span> <span class='ocrx_word' id='word_1_41' title='bbox 1357 531 1587 601; x_wconf 91' lang='lat' dir='ltr'>publicis</span> <span class='ocrx_word' id='word_1_42' title='bbox 1621 531 1844 585; x_wconf 88' lang='lat' dir='ltr'>admini-</span> <span class='ocrx_word' id='word_1_43' title='bbox 1890 553 1909 586; x_wconf 86' lang='lat'><strong>5</strong></span> <span class='ocrx_word' id='word_1_44' title='bbox 1995 533 2002 554; x_wconf 45' lang='lat'>⁵*</span> 
     </span>
    </p>
   </div>
   <div class='ocr_carea' id='block_1_4' title="bbox 103 604 1999 2372">
    <p class='ocr_par' dir='ltr' id='par_1_4' title="bbox 172 604 1846 675">
     <span class='ocr_line' id='line_1_7' title="bbox 172 604 1846 675; baseline 0 -17"><span class='ocrx_word' id='word_1_45' title='bbox 172 604 527 658; x_wconf 87' lang='lat' dir='ltr'>strationibus</span> <span class='ocrx_word' id='word_1_46' title='bbox 569 605 897 658; x_wconf 87' lang='lat' dir='ltr'>constitutus</span> <span class='ocrx_word' id='word_1_47' title='bbox 939 623 1059 657; x_wconf 92' lang='lat' dir='ltr'>cum</span> <span class='ocrx_word' id='word_1_48' title='bbox 1099 623 1296 675; x_wconf 88' lang='lat' dir='ltr'>magno</span> <span class='ocrx_word' id='word_1_49' title='bbox 1332 607 1516 658; x_wconf 89' lang='lat' dir='ltr'>labore</span> <span class='ocrx_word' id='word_1_50' title='bbox 1556 606 1846 675; x_wconf 87' lang='lat' dir='ltr'>consequa-</span> 
     </span>
    </p>

    <p class='ocr_par' dir='ltr' id='par_1_5' title="bbox 122 678 1916 1485">
     <span class='ocr_line' id='line_1_8' title="bbox 122 678 1845 748; baseline 0 -16"><span class='ocrx_word' id='word_1_51' title='bbox 122 681 283 748; x_wconf 84' lang='lat' dir='ltr'>8tur,</span> <span class='ocrx_word' id='word_1_52' title='bbox 338 680 430 731; x_wconf 88' lang='lat' dir='ltr'>sed</span> <span class='ocrx_word' id='word_1_53' title='bbox 476 678 738 731; x_wconf 85' lang='lat' dir='ltr'>maximas</span> <span class='ocrx_word' id='word_1_54' title='bbox 787 678 1100 747; x_wconf 86' lang='lat' dir='ltr'>patrimonii</span> <span class='ocrx_word' id='word_1_55' title='bbox 1145 678 1447 733; x_wconf 79' lang='lat' dir='ltr'>facultates.</span> <span class='ocrx_word' id='word_1_56' title='bbox 1526 678 1614 733; x_wconf 80' lang='lat' dir='ltr'>Sic</span> <span class='ocrx_word' id='word_1_57' title='bbox 1664 684 1845 733; x_wconf 87' lang='lat' dir='ltr'>autem</span> 
     </span>
     <span class='ocr_line' id='line_1_9' title="bbox 172 752 1847 823; baseline 0 -18"><span class='ocrx_word' id='word_1_58' title='bbox 172 753 383 823; x_wconf 90' lang='lat' dir='ltr'>positus</span> <span class='ocrx_word' id='word_1_59' title='bbox 430 752 487 804; x_wconf 90' lang='lat' dir='ltr'>in</span> <span class='ocrx_word' id='word_1_60' title='bbox 531 753 695 806; x_wconf 89' lang='lat' dir='ltr'>tertio</span> <span class='ocrx_word' id='word_1_61' title='bbox 743 753 811 805; x_wconf 91' lang='lat' dir='ltr'>ab</span> <span class='ocrx_word' id='word_1_62' title='bbox 858 753 1158 821; x_wconf 87' lang='lat' dir='ltr'>horoscopo</span> <span class='ocrx_word' id='word_1_63' title='bbox 1205 754 1322 806; x_wconf 89' lang='lat' dir='ltr'>loco</span> <span class='ocrx_word' id='word_1_64' title='bbox 1379 754 1425 806; x_wconf 92' lang='lat' dir='ltr'>si</span> <span class='ocrx_word' id='word_1_65' title='bbox 1478 754 1555 807; x_wconf 90' lang='lat' dir='ltr'>sic</span> <span class='ocrx_word' id='word_1_66' title='bbox 1610 772 1666 806; x_wconf 89' lang='lat' dir='ltr'>se</span> <span class='ocrx_word' id='word_1_67' title='bbox 1713 754 1847 823; x_wconf 85' lang='lat' dir='ltr'>Iovi,</span> 
     </span>
     <span class='ocr_line' id='line_1_10' title="bbox 175 825 1844 896; baseline -0.001 -17"><span class='ocrx_word' id='word_1_68' title='bbox 175 827 316 880; x_wconf 89' lang='lat' dir='ltr'>sicut</span> <span class='ocrx_word' id='word_1_69' title='bbox 362 825 593 878; x_wconf 83' lang='lat' dir='ltr'>diximus</span> <span class='ocrx_word' id='word_1_70' title='bbox 643 829 788 895; x_wconf 90' lang='lat' dir='ltr'>ante,</span> <span class='ocrx_word' id='word_1_71' title='bbox 839 826 1196 894; x_wconf 85' lang='lat' dir='ltr'>coniunxerit,</span> <span class='ocrx_word' id='word_1_72' title='bbox 1247 828 1509 880; x_wconf 88' lang='lat' dir='ltr'>maximae</span> <span class='ocrx_word' id='word_1_73' title='bbox 1555 828 1844 896; x_wconf 89' lang='lat' dir='ltr'>potestatis</span> 
     </span>
     <span class='ocr_line' id='line_1_11' title="bbox 174 869 1914 971; baseline 0.001 -19"><span class='ocrx_word' id='word_1_74' title='bbox 174 903 334 969; x_wconf 91' lang='lat' dir='ltr'>atque</span> <span class='ocrx_word' id='word_1_75' title='bbox 379 887 599 953; x_wconf 88' lang='lat' dir='ltr'>honoris</span> <span class='ocrx_word' id='word_1_76' title='bbox 648 901 890 970; x_wconf 90' lang='lat' dir='ltr'>regimen</span> <span class='ocrx_word' id='word_1_77' title='bbox 943 919 1003 954; x_wconf 92' lang='lat' dir='ltr'>ac</span> <span class='ocrx_word' id='word_1_78' title='bbox 1058 869 1295 953; x_wconf 86' lang='lat' dir='ltr'>dominia</span> <span class='ocrx_word' id='word_1_79' title='bbox 1346 901 1600 971; x_wconf 90' lang='lat' dir='ltr'>largitur,</span> <span class='ocrx_word' id='word_1_80' title='bbox 1653 902 1732 954; x_wconf 91' lang='lat' dir='ltr'>ita</span> <span class='ocrx_word' id='word_1_81' title='bbox 1784 904 1846 953; x_wconf 91' lang='lat' dir='ltr'>ut</span> <span class='ocrx_word' id='word_1_82' title='bbox 1872 922 1914 954; x_wconf 90' lang='lat'>10</span> 
     </span>
     <span class='ocr_line' id='line_1_12' title="bbox 177 974 1849 1044; baseline -0.001 -17"><span class='ocrx_word' id='word_1_83' title='bbox 177 992 376 1043; x_wconf 82' lang='lat' dir='ltr'>omneS,</span> <span class='ocrx_word' id='word_1_84' title='bbox 417 974 510 1043; x_wconf 88' lang='lat' dir='ltr'>qui</span> <span class='ocrx_word' id='word_1_85' title='bbox 541 975 590 1026; x_wconf 88' lang='lat' dir='ltr'>ei</span> <span class='ocrx_word' id='word_1_86' title='bbox 622 992 814 1044; x_wconf 86' lang='lat' dir='ltr'>genere</span> <span class='ocrx_word' id='word_1_87' title='bbox 846 974 1159 1044; x_wconf 90' lang='lat' dir='ltr'>iunguntur,</span> <span class='ocrx_word' id='word_1_88' title='bbox 1195 974 1416 1027; x_wconf 88' lang='lat' dir='ltr'>honoris</span> <span class='ocrx_word' id='word_1_89' title='bbox 1455 976 1624 1044; x_wconf 88' lang='lat' dir='ltr'>ipsius</span> <span class='ocrx_word' id='word_1_90' title='bbox 1656 974 1849 1027; x_wconf 88' lang='lat' dir='ltr'>nobili-</span> 
     </span>
     <span class='ocr_line' id='line_1_13' title="bbox 176 1047 1849 1116; baseline 0 -16"><span class='ocrx_word' id='word_1_91' title='bbox 176 1051 290 1100; x_wconf 88' lang='lat' dir='ltr'>tate</span> <span class='ocrx_word' id='word_1_92' title='bbox 330 1051 665 1116; x_wconf 88' lang='lat' dir='ltr'>superentur.</span> <span class='ocrx_word' id='word_1_93' title='bbox 741 1047 885 1101; x_wconf 91' lang='lat' dir='ltr'>Nam</span> <span class='ocrx_word' id='word_1_94' title='bbox 932 1049 977 1101; x_wconf 91' lang='lat' dir='ltr'>si</span> <span class='ocrx_word' id='word_1_95' title='bbox 1016 1047 1072 1100; x_wconf 87' lang='lat' dir='ltr'>in</span> <span class='ocrx_word' id='word_1_96' title='bbox 1108 1048 1213 1101; x_wconf 87' lang='lat' dir='ltr'>hoc</span> <span class='ocrx_word' id='word_1_97' title='bbox 1251 1049 1370 1101; x_wconf 91' lang='lat' dir='ltr'>loco</span> <span class='ocrx_word' id='word_1_98' title='bbox 1419 1049 1747 1102; x_wconf 89' lang='lat' dir='ltr'>constitutus</span> <span class='ocrx_word' id='word_1_99' title='bbox 1791 1048 1849 1100; x_wconf 90' lang='lat' dir='ltr'>in</span> 
     </span>
     <span class='ocr_line' id='line_1_14' title="bbox 177 1121 1849 1191; baseline 0.001 -18"><span class='ocrx_word' id='word_1_100' title='bbox 177 1121 336 1174; x_wconf 91' lang='lat' dir='ltr'>domo</span> <span class='ocrx_word' id='word_1_101' title='bbox 376 1122 540 1177; x_wconf 88' lang='lat' dir='ltr'>fuerit</span> <span class='ocrx_word' id='word_1_102' title='bbox 580 1122 663 1174; x_wconf 88' lang='lat' dir='ltr'>vel</span> <span class='ocrx_word' id='word_1_103' title='bbox 702 1122 759 1175; x_wconf 90' lang='lat' dir='ltr'>in</span> <span class='ocrx_word' id='word_1_104' title='bbox 789 1122 1036 1191; x_wconf 91' lang='lat' dir='ltr'>partibus</span> <span class='ocrx_word' id='word_1_105' title='bbox 1078 1122 1188 1175; x_wconf 92' lang='lat' dir='ltr'>suis</span> <span class='ocrx_word' id='word_1_106' title='bbox 1227 1123 1313 1175; x_wconf 86' lang='lat' dir='ltr'>vel</span> <span class='ocrx_word' id='word_1_107' title='bbox 1351 1123 1407 1174; x_wconf 89' lang='lat' dir='ltr'>in</span> <span class='ocrx_word' id='word_1_108' title='bbox 1438 1123 1725 1176; x_wconf 81' lang='lat' dir='ltr'>domiciliis</span> <span class='ocrx_word' id='word_1_109' title='bbox 1757 1122 1849 1186; x_wconf 10' lang='lat' dir='ltr'>*vel</span> 
     </span>
     <span class='ocr_line' id='line_1_15' title="bbox 176 1195 1852 1266; baseline 0.001 -19"><span class='ocrx_word' id='word_1_110' title='bbox 176 1195 235 1247; x_wconf 92' lang='lat' dir='ltr'>in</span> <span class='ocrx_word' id='word_1_111' title='bbox 267 1195 551 1248; x_wconf 87' lang='lat' dir='ltr'>altitudine</span> <span class='ocrx_word' id='word_1_112' title='bbox 585 1214 682 1248; x_wconf 89' lang='lat' dir='ltr'>sua</span> <span class='ocrx_word' id='word_1_113' title='bbox 714 1199 769 1248; x_wconf 91' lang='lat' dir='ltr'>et</span> <span class='ocrx_word' id='word_1_114' title='bbox 799 1195 1045 1265; x_wconf 91' lang='lat' dir='ltr'>Iuppiter</span> <span class='ocrx_word' id='word_1_115' title='bbox 1077 1196 1154 1249; x_wconf 87' lang='lat' dir='ltr'>sic</span> <span class='ocrx_word' id='word_1_116' title='bbox 1186 1196 1250 1266; x_wconf 87' lang='lat' dir='ltr'>ei,</span> <span class='ocrx_word' id='word_1_117' title='bbox 1283 1196 1424 1249; x_wconf 88' lang='lat' dir='ltr'>sicut</span> <span class='ocrx_word' id='word_1_118' title='bbox 1454 1195 1685 1249; x_wconf 82' lang='lat' dir='ltr'>diximus</span> <span class='ocrx_word' id='word_1_119' title='bbox 1711 1199 1852 1266; x_wconf 84' lang='lat' dir='ltr'>ante,</span> 
     </span>
     <span class='ocr_line' id='line_1_16' title="bbox 177 1269 1916 1341; baseline 0.001 -20"><span class='ocrx_word' id='word_1_120' title='bbox 177 1269 450 1339; x_wconf 89' lang='lat' dir='ltr'>iungatur,</span> <span class='ocrx_word' id='word_1_121' title='bbox 474 1270 638 1323; x_wconf 89' lang='lat' dir='ltr'>faciet</span> <span class='ocrx_word' id='word_1_122' title='bbox 661 1270 933 1339; x_wconf 89' lang='lat' dir='ltr'>praesides</span> <span class='ocrx_word' id='word_1_123' title='bbox 961 1270 1215 1340; x_wconf 89' lang='lat' dir='ltr'>riparum,</span> <span class='ocrx_word' id='word_1_124' title='bbox 1231 1271 1407 1341; x_wconf 87' lang='lat' dir='ltr'>duces,</span> <span class='ocrx_word' id='word_1_125' title='bbox 1429 1271 1674 1340; x_wconf 81' lang='lat' dir='ltr'>vicariOS,</span> <span class='ocrx_word' id='word_1_126' title='bbox 1699 1288 1848 1338; x_wconf 88' lang='lat' dir='ltr'>prae·</span> <span class='ocrx_word' id='word_1_127' title='bbox 1874 1290 1916 1323; x_wconf 89' lang='lat'>15</span> 
     </span>
     <span class='ocr_line' id='line_1_17' title="bbox 179 1342 1853 1413; baseline 0.001 -18"><span class='ocrx_word' id='word_1_128' title='bbox 179 1342 348 1396; x_wconf 84' lang='lat' dir='ltr'>sectos</span> <span class='ocrx_word' id='word_1_129' title='bbox 380 1344 640 1412; x_wconf 88' lang='lat' dir='ltr'>praetorii</span> <span class='ocrx_word' id='word_1_130' title='bbox 681 1347 735 1396; x_wconf 90' lang='lat' dir='ltr'>et</span> <span class='ocrx_word' id='word_1_131' title='bbox 774 1344 968 1412; x_wconf 91' lang='lat' dir='ltr'>quibus</span> <span class='ocrx_word' id='word_1_132' title='bbox 1000 1343 1310 1413; x_wconf 85' lang='lat' dir='ltr'>frequenter</span> <span class='ocrx_word' id='word_1_133' title='bbox 1343 1345 1718 1397; x_wconf 85' lang='lat' dir='ltr'>committatur</span> <span class='ocrx_word' id='word_1_134' title='bbox 1756 1344 1853 1396; x_wconf 91' lang='lat' dir='ltr'>im-</span> 
     </span>
     <span class='ocr_line' id='line_1_18' title="bbox 178 1435 404 1485; baseline 0.004 -17"><span class='ocrx_word' id='word_1_135' title='bbox 178 1435 404 1485; x_wconf 81' lang='lat' dir='ltr'>penum.</span> 
     </span>
    </p>

    <p class='ocr_par' dir='ltr' id='par_1_6' title="bbox 129 1488 1999 2150">
     <span class='ocr_line' id='line_1_19' title="bbox 129 1488 1854 1560; baseline 0 -17"><span class='ocrx_word' id='word_1_136' title='bbox 129 1490 162 1543; x_wconf 88' lang='lat'>9</span> <span class='ocrx_word' id='word_1_137' title='bbox 329 1490 394 1543; x_wconf 92' lang='lat' dir='ltr'>In</span> <span class='ocrx_word' id='word_1_138' title='bbox 434 1494 625 1559; x_wconf 88' lang='lat' dir='ltr'>quarto</span> <span class='ocrx_word' id='word_1_139' title='bbox 664 1491 784 1544; x_wconf 91' lang='lat' dir='ltr'>loco</span> <span class='ocrx_word' id='word_1_140' title='bbox 817 1491 962 1543; x_wconf 91' lang='lat' dir='ltr'>Mars</span> <span class='ocrx_word' id='word_1_141' title='bbox 1003 1492 1072 1544; x_wconf 92' lang='lat' dir='ltr'>ab</span> <span class='ocrx_word' id='word_1_142' title='bbox 1103 1492 1404 1560; x_wconf 87' lang='lat' dir='ltr'>horoscopo</span> <span class='ocrx_word' id='word_1_143' title='bbox 1444 1492 1584 1545; x_wconf 90' lang='lat' dir='ltr'>idest</span> <span class='ocrx_word' id='word_1_144' title='bbox 1621 1493 1678 1544; x_wconf 90' lang='lat' dir='ltr'>in</span> <span class='ocrx_word' id='word_1_145' title='bbox 1707 1488 1854 1544; x_wconf 81' lang='lat' dir='ltr'>IMG.</span> 
     </span>
     <span class='ocr_line' id='line_1_20' title="bbox 182 1562 1856 1635; baseline 0.001 -21"><span class='ocrx_word' id='word_1_146' title='bbox 182 1562 376 1633; x_wconf 90' lang='lat' dir='ltr'>[Mars]</span> <span class='ocrx_word' id='word_1_147' title='bbox 430 1565 701 1632; x_wconf 91' lang='lat' dir='ltr'>partiliter</span> <span class='ocrx_word' id='word_1_148' title='bbox 756 1565 1085 1617; x_wconf 87' lang='lat' dir='ltr'>constitutus</span> <span class='ocrx_word' id='word_1_149' title='bbox 1151 1565 1196 1618; x_wconf 90' lang='lat' dir='ltr'>si</span> <span class='ocrx_word' id='word_1_150' title='bbox 1258 1584 1353 1634; x_wconf 89' lang='lat' dir='ltr'>per</span> <span class='ocrx_word' id='word_1_151' title='bbox 1406 1571 1619 1619; x_wconf 83' lang='lat' dir='ltr'>noctem</span> <span class='ocrx_word' id='word_1_152' title='bbox 1675 1564 1856 1635; x_wconf 85' lang='lat' dir='ltr'>fuerit,</span> 
     </span>
     <span class='ocr_line' id='line_1_21' title="bbox 181 1637 1920 1708; baseline 0.002 -19"><span class='ocrx_word' id='word_1_153' title='bbox 181 1637 346 1690; x_wconf 85' lang='lat' dir='ltr'>faciet</span> <span class='ocrx_word' id='word_1_154' title='bbox 385 1637 669 1706; x_wconf 79' lang='lat' dir='ltr'>militares,</span> <span class='ocrx_word' id='word_1_155' title='bbox 718 1638 1018 1690; x_wconf 87' lang='lat' dir='ltr'>laboriosos</span> <span class='ocrx_word' id='word_1_156' title='bbox 1059 1641 1113 1691; x_wconf 88' lang='lat' dir='ltr'>et</span> <span class='ocrx_word' id='word_1_157' title='bbox 1153 1639 1245 1707; x_wconf 89' lang='lat' dir='ltr'>qui</span> <span class='ocrx_word' id='word_1_158' title='bbox 1285 1657 1494 1708; x_wconf 89' lang='lat' dir='ltr'>semper</span> <span class='ocrx_word' id='word_1_159' title='bbox 1532 1640 1587 1690; x_wconf 92' lang='lat' dir='ltr'>in</span> <span class='ocrx_word' id='word_1_160' title='bbox 1627 1637 1852 1691; x_wconf 88' lang='lat' dir='ltr'>desertis</span> <span class='ocrx_word' id='word_1_161' title='bbox 1877 1659 1920 1692; x_wconf 83' lang='lat'>20</span> 
     </span>
     <span class='ocr_line' id='line_1_22' title="bbox 182 1710 1854 1781; baseline 0.001 -18"><span class='ocrx_word' id='word_1_162' title='bbox 182 1710 493 1780; x_wconf 82' lang='lat' dir='ltr'>regionibus</span> <span class='ocrx_word' id='word_1_163' title='bbox 535 1714 956 1781; x_wconf 82' lang='lat' dir='ltr'>commorentur,</span> <span class='ocrx_word' id='word_1_164' title='bbox 1002 1712 1087 1764; x_wconf 85' lang='lat' dir='ltr'>vel</span> <span class='ocrx_word' id='word_1_165' title='bbox 1132 1711 1369 1764; x_wconf 83' lang='lat' dir='ltr'>ferarum</span> <span class='ocrx_word' id='word_1_166' title='bbox 1415 1711 1753 1781; x_wconf 90' lang='lat' dir='ltr'>praepositos</span> <span class='ocrx_word' id='word_1_167' title='bbox 1793 1730 1854 1764; x_wconf 91' lang='lat' dir='ltr'>ac</span> 
     </span>
     <span class='ocr_line' id='line_1_23' title="bbox 183 1785 1855 1854; baseline 0.001 -18"><span class='ocrx_word' id='word_1_168' title='bbox 183 1785 499 1854; x_wconf 85' lang='lat' dir='ltr'>magistros3</span> <span class='ocrx_word' id='word_1_169' title='bbox 537 1785 808 1837; x_wconf 89' lang='lat' dir='ltr'>interdum</span> <span class='ocrx_word' id='word_1_170' title='bbox 841 1803 1113 1838; x_wconf 83' lang='lat' dir='ltr'>eversores</span> <span class='ocrx_word' id='word_1_171' title='bbox 1145 1786 1533 1854; x_wconf 90' lang='lat' dir='ltr'>imperatorum</span> <span class='ocrx_word' id='word_1_172' title='bbox 1568 1786 1731 1838; x_wconf 88' lang='lat' dir='ltr'>faciet</span> <span class='ocrx_word' id='word_1_173' title='bbox 1769 1786 1855 1838; x_wconf 88' lang='lat' dir='ltr'>vel</span> 
     </span>
     <span class='ocr_line' id='line_1_24' title="bbox 182 1858 1855 1928; baseline 0 -17"><span class='ocrx_word' id='word_1_174' title='bbox 182 1858 419 1911; x_wconf 90' lang='lat' dir='ltr'>iudicum</span> <span class='ocrx_word' id='word_1_175' title='bbox 472 1858 642 1927; x_wconf 78' lang='lat' dir='ltr'>(pro)</span> <span class='ocrx_word' id='word_1_176' title='bbox 705 1858 962 1927; x_wconf 90' lang='lat' dir='ltr'>qualitate</span> <span class='ocrx_word' id='word_1_177' title='bbox 1026 1859 1324 1928; x_wconf 89' lang='lat' dir='ltr'>signorum,</span> <span class='ocrx_word' id='word_1_178' title='bbox 1384 1863 1669 1928; x_wconf 89' lang='lat' dir='ltr'>parentum</span> <span class='ocrx_word' id='word_1_179' title='bbox 1728 1877 1855 1911; x_wconf 85' lang='lat' dir='ltr'>vero</span> 
     </span>
     <span class='ocr_line' id='line_1_25' title="bbox 183 1931 1856 2001; baseline -0.001 -16"><span class='ocrx_word' id='word_1_180' title='bbox 183 1932 353 1985; x_wconf 84' lang='lat' dir='ltr'>vitam</span> <span class='ocrx_word' id='word_1_181' title='bbox 384 1951 444 1985; x_wconf 90' lang='lat' dir='ltr'>ac</span> <span class='ocrx_word' id='word_1_182' title='bbox 476 1931 863 2001; x_wconf 89' lang='lat' dir='ltr'>patrimonium</span> <span class='ocrx_word' id='word_1_183' title='bbox 895 1933 1193 2001; x_wconf 89' lang='lat' dir='ltr'>dissipabit.</span> <span class='ocrx_word' id='word_1_184' title='bbox 1249 1933 1416 1985; x_wconf 88' lang='lat' dir='ltr'>Dabit</span> <span class='ocrx_word' id='word_1_185' title='bbox 1444 1934 1666 1986; x_wconf 88' lang='lat' dir='ltr'>vulnera</span> <span class='ocrx_word' id='word_1_186' title='bbox 1687 1932 1856 1985; x_wconf 84' lang='lat' dir='ltr'>vidui-</span> 
     </span>
     <span class='ocr_line' id='line_1_26' title="bbox 184 2005 1999 2075; baseline 0.001 -17"><span class='ocrx_word' id='word_1_187' title='bbox 184 2009 327 2059; x_wconf 87' lang='lat' dir='ltr'>tates</span> <span class='ocrx_word' id='word_1_188' title='bbox 366 2006 564 2074; x_wconf 77' lang='lat' dir='ltr'>ruinaS,</span> <span class='ocrx_word' id='word_1_189' title='bbox 601 2005 775 2059; x_wconf 85' lang='lat' dir='ltr'>filium</span> <span class='ocrx_word' id='word_1_190' title='bbox 811 2025 936 2059; x_wconf 82' lang='lat' dir='ltr'>vero</span> <span class='ocrx_word' id='word_1_191' title='bbox 978 2010 1071 2059; x_wconf 90' lang='lat' dir='ltr'>aut</span> <span class='ocrx_word' id='word_1_192' title='bbox 1109 2007 1275 2059; x_wconf 86' lang='lat' dir='ltr'>unum</span> <span class='ocrx_word' id='word_1_193' title='bbox 1307 2007 1458 2059; x_wconf 90' lang='lat' dir='ltr'>dabit</span> <span class='ocrx_word' id='word_1_194' title='bbox 1498 2010 1591 2059; x_wconf 91' lang='lat' dir='ltr'>aut</span> <span class='ocrx_word' id='word_1_195' title='bbox 1621 2007 1853 2075; x_wconf 85' lang='lat' dir='ltr'>nullum3</span> <span class='ocrx_word' id='word_1_196' title='bbox 1879 2028 1922 2061; x_wconf 84' lang='lat'>25</span> <span class='ocrx_word' id='word_1_197' title='bbox 1994 2040 1999 2043; x_wconf 40' lang='lat' dir='ltr'>v</span> 
     </span>
     <span class='ocr_line' id='line_1_27' title="bbox 186 2079 1855 2150; baseline 0 -18"><span class='ocrx_word' id='word_1_198' title='bbox 186 2079 279 2149; x_wconf 91' lang='lat' dir='ltr'>qui</span> <span class='ocrx_word' id='word_1_199' title='bbox 312 2080 388 2134; x_wconf 91' lang='lat' dir='ltr'>sic</span> <span class='ocrx_word' id='word_1_200' title='bbox 420 2080 563 2133; x_wconf 87' lang='lat' dir='ltr'>enim</span> <span class='ocrx_word' id='word_1_201' title='bbox 595 2098 718 2133; x_wconf 92' lang='lat' dir='ltr'>eum</span> <span class='ocrx_word' id='word_1_202' title='bbox 748 2079 1013 2150; x_wconf 90' lang='lat' dir='ltr'>habuerit,</span> <span class='ocrx_word' id='word_1_203' title='bbox 1042 2081 1099 2132; x_wconf 89' lang='lat' dir='ltr'>in</span> <span class='ocrx_word' id='word_1_204' title='bbox 1128 2081 1375 2133; x_wconf 88' lang='lat' dir='ltr'>omnibus</span> <span class='ocrx_word' id='word_1_205' title='bbox 1409 2099 1620 2149; x_wconf 88' lang='lat' dir='ltr'>semper</span> <span class='ocrx_word' id='word_1_206' title='bbox 1644 2081 1855 2133; x_wconf 86' lang='lat' dir='ltr'>actibus</span> 
     </span>
    </p>

    <p class='ocr_par' dir='ltr' id='par_1_7' title="bbox 103 2152 1858 2372">
     <span class='ocr_line' id='line_1_28' title="bbox 103 2152 1854 2223; baseline 0 -17"><span class='ocrx_word' id='word_1_207' title='bbox 103 2152 171 2206; x_wconf 89' lang='lat'>10</span> <span class='ocrx_word' id='word_1_208' title='bbox 187 2154 490 2222; x_wconf 89' lang='lat' dir='ltr'>impeditur.</span> <span class='ocrx_word' id='word_1_209' title='bbox 569 2154 772 2217; x_wconf 84' lang='lat' dir='ltr'>Quodsi</span> <span class='ocrx_word' id='word_1_210' title='bbox 809 2172 905 2223; x_wconf 90' lang='lat' dir='ltr'>per</span> <span class='ocrx_word' id='word_1_211' title='bbox 944 2154 1084 2207; x_wconf 90' lang='lat' dir='ltr'>diem</span> <span class='ocrx_word' id='word_1_212' title='bbox 1133 2154 1208 2206; x_wconf 91' lang='lat' dir='ltr'>sic</span> <span class='ocrx_word' id='word_1_213' title='bbox 1246 2154 1411 2206; x_wconf 89' lang='lat' dir='ltr'>fuerit</span> <span class='ocrx_word' id='word_1_214' title='bbox 1450 2155 1722 2223; x_wconf 76' lang='lat' dir='ltr'>inventUS,</span> <span class='ocrx_word' id='word_1_215' title='bbox 1770 2154 1854 2206; x_wconf 92' lang='lat' dir='ltr'>de-</span> 
     </span>
     <span class='ocr_line' id='line_1_29' title="bbox 189 2226 1858 2298; baseline 0.001 -20"><span class='ocrx_word' id='word_1_216' title='bbox 189 2226 432 2279; x_wconf 88' lang='lat' dir='ltr'>bilitabit</span> <span class='ocrx_word' id='word_1_217' title='bbox 466 2245 622 2289; x_wconf 89' lang='lat' dir='ltr'>omne</span> <span class='ocrx_word' id='word_1_218' title='bbox 655 2246 866 2298; x_wconf 83' lang='lat' dir='ltr'>corpus„</span> <span class='ocrx_word' id='word_1_219' title='bbox 903 2228 1066 2281; x_wconf 88' lang='lat' dir='ltr'>faciet</span> <span class='ocrx_word' id='word_1_220' title='bbox 1095 2228 1378 2297; x_wconf 89' lang='lat' dir='ltr'>languidos</span> <span class='ocrx_word' id='word_1_221' title='bbox 1415 2229 1641 2281; x_wconf 89' lang='lat' dir='ltr'>caducos</span> <span class='ocrx_word' id='word_1_222' title='bbox 1679 2231 1733 2280; x_wconf 92' lang='lat' dir='ltr'>et</span> <span class='ocrx_word' id='word_1_223' title='bbox 1765 2227 1858 2296; x_wconf 90' lang='lat' dir='ltr'>qui</span> 
     </span>
     <span class='ocr_line' id='line_1_30' title="bbox 190 2300 1857 2372; baseline 0.001 -20"><span class='ocrx_word' id='word_1_224' title='bbox 190 2319 254 2352; x_wconf 85' lang='lat' dir='ltr'>cx</span> <span class='ocrx_word' id='word_1_225' title='bbox 284 2300 426 2353; x_wconf 87' lang='lat' dir='ltr'>ferro</span> <span class='ocrx_word' id='word_1_226' title='bbox 459 2301 682 2354; x_wconf 85' lang='lat' dir='ltr'>vulnera</span> <span class='ocrx_word' id='word_1_227' title='bbox 719 2301 1028 2370; x_wconf 88' lang='lat' dir='ltr'>frequenter</span> <span class='ocrx_word' id='word_1_228' title='bbox 1061 2300 1340 2372; x_wconf 82' lang='lat' dir='ltr'>accipiant,</span> <span class='ocrx_word' id='word_1_229' title='bbox 1377 2302 1562 2354; x_wconf 86' lang='lat' dir='ltr'>reddet</span> <span class='ocrx_word' id='word_1_230' title='bbox 1593 2300 1857 2354; x_wconf 85' lang='lat' dir='ltr'>invalidos</span> 
     </span>
    </p>
   </div>
   <div class='ocr_carea' id='block_1_5' title="bbox 190 2374 2002 2445">
    <p class='ocr_par' dir='ltr' id='par_1_8' title="bbox 190 2374 2002 2445">
     <span class='ocr_line' id='line_1_31' title="bbox 190 2374 2002 2445; baseline 0.001 -19"><span class='ocrx_word' id='word_1_231' title='bbox 190 2377 245 2426; x_wconf 90' lang='lat' dir='ltr'>et</span> <span class='ocrx_word' id='word_1_232' title='bbox 285 2392 416 2443; x_wconf 87' lang='lat' dir='ltr'>quos</span> <span class='ocrx_word' id='word_1_233' title='bbox 456 2375 686 2426; x_wconf 87' lang='lat' dir='ltr'>feminae</span> <span class='ocrx_word' id='word_1_234' title='bbox 727 2394 937 2443; x_wconf 85' lang='lat' dir='ltr'>semper</span> <span class='ocrx_word' id='word_1_235' title='bbox 975 2376 1294 2445; x_wconf 89' lang='lat' dir='ltr'>inpugnent,</span> <span class='ocrx_word' id='word_1_236' title='bbox 1343 2378 1396 2427; x_wconf 90' lang='lat' dir='ltr'>et</span> <span class='ocrx_word' id='word_1_237' title='bbox 1443 2376 1533 2444; x_wconf 88' lang='lat' dir='ltr'>qui</span> <span class='ocrx_word' id='word_1_238' title='bbox 1573 2393 1605 2427; x_wconf 93' lang='lat' dir='ltr'>a</span> <span class='ocrx_word' id='word_1_239' title='bbox 1641 2374 1856 2427; x_wconf 88' lang='lat' dir='ltr'>feminis</span> <span class='ocrx_word' id='word_1_240' title='bbox 1882 2394 1926 2428; x_wconf 83' lang='lat'>30</span> <span class='ocrx_word' id='word_1_241' title='bbox 1998 2418 2002 2421; x_wconf 89' lang='lat'>.</span> 
     </span>
    </p>
   </div>
   <div class='ocr_carea' id='block_1_6' title="bbox 191 2448 1860 2517">
    <p class='ocr_par' dir='ltr' id='par_1_9' title="bbox 191 2448 1860 2517">
     <span class='ocr_line' id='line_1_32' title="bbox 191 2448 1860 2517; baseline 0 -18"><span class='ocrx_word' id='word_1_242' title='bbox 191 2448 403 2517; x_wconf 89' lang='lat' dir='ltr'>magnis</span> <span class='ocrx_word' id='word_1_243' title='bbox 459 2466 669 2515; x_wconf 90' lang='lat' dir='ltr'>semper</span> <span class='ocrx_word' id='word_1_244' title='bbox 722 2448 986 2502; x_wconf 88' lang='lat' dir='ltr'>molestiis</span> <span class='ocrx_word' id='word_1_245' title='bbox 1040 2450 1364 2502; x_wconf 87' lang='lat' dir='ltr'>deterantur.</span> <span class='ocrx_word' id='word_1_246' title='bbox 1455 2448 1640 2501; x_wconf 85' lang='lat' dir='ltr'>Faciet</span> <span class='ocrx_word' id='word_1_247' title='bbox 1695 2448 1860 2500; x_wconf 91' lang='lat' dir='ltr'>etiam</span> 
     </span>
    </p>
   </div>
   <div class='ocr_carea' id='block_1_7' title="bbox 194 2605 1864 2959">
    <p class='ocr_par' dir='ltr' id='par_1_10' title="bbox 194 2605 1864 2959">
     <span class='ocr_line' id='line_1_33' title="bbox 344 2605 1862 2652; baseline -0.001 -2"><span class='ocrx_word' id='word_1_248' title='bbox 344 2612 367 2650; x_wconf 89' lang='lat'>1</span> <span class='ocrx_word' id='word_1_249' title='bbox 403 2605 465 2650; x_wconf 91' lang='lat' dir='ltr'>sit</span> <span class='ocrx_word' id='word_1_250' title='bbox 493 2620 565 2651; x_wconf 69' lang='grc' dir='ltr'>πυ.</span> <span class='ocrx_word' id='word_1_251' title='bbox 597 2611 631 2648; x_wconf 87' lang='lat' dir='ltr'>P</span> <span class='ocrx_word' id='word_1_252' title='bbox 750 2611 776 2649; x_wconf 85' lang='lat'><strong>3</strong></span> <span class='ocrx_word' id='word_1_253' title='bbox 809 2607 1061 2652; x_wconf 88' lang='lat' dir='ltr'>constituto</span> <span class='ocrx_word' id='word_1_254' title='bbox 1092 2612 1137 2650; x_wconf 75' lang='grc' dir='ltr'><strong>Μ</strong></span> <span class='ocrx_word' id='word_1_255' title='bbox 1269 2611 1295 2650; x_wconf 82' lang='grc'>5</span> <span class='ocrx_word' id='word_1_256' title='bbox 1328 2609 1381 2650; x_wconf 92' lang='lat' dir='ltr'>ut</span> <span class='ocrx_word' id='word_1_257' title='bbox 1411 2620 1493 2650; x_wconf 85' lang='lat' dir='ltr'>om.</span> <span class='ocrx_word' id='word_1_258' title='bbox 1526 2611 1564 2648; x_wconf 85' lang='lat' dir='ltr'><strong>V</strong></span> <span class='ocrx_word' id='word_1_259' title='bbox 1698 2609 1723 2648; x_wconf 87' lang='lat'>9</span> <span class='ocrx_word' id='word_1_260' title='bbox 1757 2618 1862 2648; x_wconf 91' lang='lat' dir='ltr'>con-</span> 
     </span>
     <span class='ocr_line' id='line_1_34' title="bbox 194 2662 1862 2723; baseline -0.001 -14"><span class='ocrx_word' id='word_1_261' title='bbox 194 2665 401 2723; x_wconf 86' lang='lat' dir='ltr'>iungerit</span> <span class='ocrx_word' id='word_1_262' title='bbox 438 2670 494 2707; x_wconf 75' lang='lat'>1³2⁴</span> <span class='ocrx_word' id='word_1_263' title='bbox 644 2669 698 2707; x_wconf 89' lang='lat'>13</span> <span class='ocrx_word' id='word_1_264' title='bbox 738 2671 820 2709; x_wconf 78' lang='lat' dir='ltr'>aut</span> <span class='ocrx_word' id='word_1_265' title='bbox 856 2668 1024 2711; x_wconf 80' lang='lat' dir='ltr'>erravit</span> <span class='ocrx_word' id='word_1_266' title='bbox 1063 2667 1119 2710; x_wconf 88' lang='lat' dir='ltr'>F.</span> <span class='ocrx_word' id='word_1_267' title='bbox 1160 2669 1242 2710; x_wconf 75' lang='lat' dir='ltr'>aut</span> <span class='ocrx_word' id='word_1_268' title='bbox 1285 2666 1367 2709; x_wconf 79' lang='lat' dir='ltr'>del.</span> <span class='ocrx_word' id='word_1_269' title='bbox 1415 2665 1487 2707; x_wconf 86' lang='lat' dir='ltr'>vel</span> <span class='ocrx_word' id='word_1_270' title='bbox 1525 2664 1574 2707; x_wconf 88' lang='lat' dir='ltr'>in</span> <span class='ocrx_word' id='word_1_271' title='bbox 1616 2662 1862 2707; x_wconf 88' lang='lat' dir='ltr'>domiciliis</span> 
     </span>
     <span class='ocr_line' id='line_1_35' title="bbox 197 2722 1863 2782; baseline -0.002 -14"><span class='ocrx_word' id='word_1_272' title='bbox 197 2728 252 2768; x_wconf 84' lang='lat'>15</span> <span class='ocrx_word' id='word_1_273' title='bbox 283 2724 608 2781; x_wconf 87' lang='lat' dir='ltr'>praefectores‚</span> <span class='ocrx_word' id='word_1_274' title='bbox 631 2736 743 2768; x_wconf 85' lang='lat' dir='ltr'>corr.</span> <span class='ocrx_word' id='word_1_275' title='bbox 767 2739 797 2766; x_wconf 87' lang='lat' dir='ltr'>v</span> <span class='ocrx_word' id='word_1_276' title='bbox 820 2726 989 2780; x_wconf 76' lang='lat' dir='ltr'>(eadem</span> <span class='ocrx_word' id='word_1_277' title='bbox 1009 2724 1259 2782; x_wconf 87' lang='lat' dir='ltr'>praetorio)</span> <span class='ocrx_word' id='word_1_278' title='bbox 1344 2728 1397 2767; x_wconf 89' lang='grc'>18</span> <span class='ocrx_word' id='word_1_279' title='bbox 1428 2736 1502 2766; x_wconf 86' lang='lat' dir='ltr'>mc</span> <span class='ocrx_word' id='word_1_280' title='bbox 1524 2728 1569 2765; x_wconf 76' lang='grc' dir='ltr'><strong>Μ</strong></span> <span class='ocrx_word' id='word_1_281' title='bbox 1660 2727 1713 2766; x_wconf 86' lang='grc'>19</span> <span class='ocrx_word' id='word_1_282' title='bbox 1738 2722 1863 2765; x_wconf 84' lang='lat' dir='ltr'>Mars</span> 
     </span>
     <span class='ocr_line' id='line_1_36' title="bbox 198 2781 1864 2842; baseline -0.003 -14"><span class='ocrx_word' id='word_1_283' title='bbox 198 2786 319 2838; x_wconf 76' lang='lat' dir='ltr'>(post</span> <span class='ocrx_word' id='word_1_284' title='bbox 340 2782 575 2839; x_wconf 88' lang='lat' dir='ltr'>partiliter</span> <span class='ocrx_word' id='word_1_285' title='bbox 597 2784 647 2838; x_wconf 89' lang='lat' dir='ltr'>P)</span> <span class='ocrx_word' id='word_1_286' title='bbox 669 2782 752 2826; x_wconf 84' lang='lat' dir='ltr'>del.</span> <span class='ocrx_word' id='word_1_287' title='bbox 778 2781 826 2824; x_wconf 84' lang='lat' dir='ltr'>A&#39;</span> <span class='ocrx_word' id='word_1_288' title='bbox 849 2783 857 2842; x_wconf 70' lang='grc' dir='ltr'>Ι</span> <span class='ocrx_word' id='word_1_289' title='bbox 877 2783 942 2827; x_wconf 89' lang='lat' dir='ltr'>sic</span> <span class='ocrx_word' id='word_1_290' title='bbox 966 2790 998 2826; x_wconf 88' lang='lat' dir='ltr'>P</span> <span class='ocrx_word' id='word_1_291' title='bbox 1089 2789 1143 2827; x_wconf 82' lang='lat'>22</span> <span class='ocrx_word' id='word_1_292' title='bbox 1169 2784 1484 2839; x_wconf 74' lang='lat' dir='ltr'>exceptoresx</span> <span class='ocrx_word' id='word_1_293' title='bbox 1574 2785 1630 2824; x_wconf 83' lang='lat'>23</span> <span class='ocrx_word' id='word_1_294' title='bbox 1654 2782 1800 2836; x_wconf 76' lang='lat' dir='ltr'>suppl.</span> <span class='ocrx_word' id='word_1_295' title='bbox 1825 2784 1864 2823; x_wconf 78' lang='lat' dir='ltr'>A</span> 
     </span>
     <span class='ocr_line' id='line_1_37' title="bbox 199 2840 1862 2908; baseline 0 -25"><span class='ocrx_word' id='word_1_296' title='bbox 199 2846 255 2884; x_wconf 83' lang='lat'>24</span> <span class='ocrx_word' id='word_1_297' title='bbox 286 2841 534 2885; x_wconf 84' lang='lat' dir='ltr'>uiduitatis</span> <span class='ocrx_word' id='word_1_298' title='bbox 564 2840 725 2885; x_wconf 85' lang='lat' dir='ltr'>ruinae</span> <span class='ocrx_word' id='word_1_299' title='bbox 763 2843 907 2897; x_wconf 89' lang='lat' dir='ltr'>(rume</span> <span class='ocrx_word' id='word_1_300' title='bbox 929 2844 1011 2908; x_wconf 88' lang='lat' dir='ltr'>P),</span> <span class='ocrx_word' id='word_1_301' title='bbox 1050 2856 1164 2888; x_wconf 82' lang='lat' dir='ltr'>corr.</span> <span class='ocrx_word' id='word_1_302' title='bbox 1195 2859 1223 2886; x_wconf 80' lang='grc' dir='ltr'><strong>κ</strong></span> <span class='ocrx_word' id='word_1_303' title='bbox 1261 2842 1317 2896; x_wconf 81' lang='lat' dir='ltr'>cf.</span> <span class='ocrx_word' id='word_1_304' title='bbox 1352 2841 1555 2885; x_wconf 74' lang='lat' dir='ltr'>Maneth.</span> <span class='ocrx_word' id='word_1_305' title='bbox 1587 2841 1681 2883; x_wconf 92' lang='lat' dir='ltr'>III</span> <span class='ocrx_word' id='word_1_306' title='bbox 1698 2843 1757 2884; x_wconf 87' lang='lat'>53</span> <span class='ocrx_word' id='word_1_307' title='bbox 1771 2853 1862 2897; x_wconf 77' lang='grc'><strong><em>399.</em></strong></span> 
     </span>
     <span class='ocr_line' id='line_1_38' title="bbox 199 2898 1628 2959; baseline -0.001 -16"><span class='ocrx_word' id='word_1_308' title='bbox 199 2903 256 2942; x_wconf 83' lang='grc'>26</span> <span class='ocrx_word' id='word_1_309' title='bbox 288 2901 410 2959; x_wconf 88' lang='lat' dir='ltr'>eum]</span> <span class='ocrx_word' id='word_1_310' title='bbox 443 2913 547 2944; x_wconf 90' lang='lat' dir='ltr'>cum</span> <span class='ocrx_word' id='word_1_311' title='bbox 576 2904 655 2943; x_wconf 84' lang='lat' dir='ltr'>PR</span> <span class='ocrx_word' id='word_1_312' title='bbox 775 2904 829 2943; x_wconf 83' lang='lat'>28</span> <span class='ocrx_word' id='word_1_313' title='bbox 862 2899 942 2955; x_wconf 90' lang='lat' dir='ltr'>qui</span> <span class='ocrx_word' id='word_1_314' title='bbox 973 2915 1054 2946; x_wconf 86' lang='lat' dir='ltr'>om.</span> <span class='ocrx_word' id='word_1_315' title='bbox 1087 2906 1125 2943; x_wconf 84' lang='lat' dir='ltr'>V</span> <span class='ocrx_word' id='word_1_316' title='bbox 1244 2905 1298 2944; x_wconf 87' lang='grc'>29</span> <span class='ocrx_word' id='word_1_317' title='bbox 1332 2898 1563 2956; x_wconf 88' lang='lat' dir='ltr'>accipient</span> <span class='ocrx_word' id='word_1_318' title='bbox 1590 2903 1628 2940; x_wconf 85' lang='lat' dir='ltr'><strong>V</strong></span> 
     </span>
    </p>
   </div>
  </div>
 </body>
</html>
