2014 3202
791 131 855 176 III
878 136 921 188 3,
946 144 1104 176 18-24.
1639 86 1641 89 Ι
1679 131 1784 185 113

110 255 239 324 quid
290 255 338 308 ei
383 255 468 308 vel
505 254 772 307 honorum
817 251 902 304 vel
947 251 1231 322 dignitatis
1279 252 1553 305 conlatum
1603 252 1784 323 fuerit,

110 329 449 382 miseriarum
488 331 650 396 atque
689 324 1024 379 infelicitatis
1065 325 1369 379 incursione
1409 329 1664 380 mutatur.

257 402 321 455 In
367 401 679 455 duodecimo
733 400 853 452 loco
899 396 1144 468 Iuppiter
1194 400 1261 452 ab
1311 401 1615 469 horoscopo
1664 419 1784 455 con·
1801 403 1873 456 22

112 475 336 529 stitutus
382 475 643 528 maximas
691 472 928 527 decernit
974 472 1342 543 infelicitates3
1396 473 1528 527 facit
1575 493 1786 544 semper

73 570 94 603 5
118 550 364 603 inimicos
410 551 659 618 potentes
715 550 770 600 et
824 546 914 616 qui
968 565 1091 599 eum
1138 548 1325 601 crebra
1372 551 1643 617 potestate
1699 550 1788 602 de-

118 627 372 691 terreant,
410 621 730 691 praesertim
763 621 809 674 si
842 620 1112 690 partiliter
1142 622 1503 691 horoscopum
1535 622 1789 676 malivola

117 698 275 750 stella
312 695 758 765 possederit,·vel
799 694 845 748 si
884 694 961 748 sic
999 694 1125 748 Iove
1167 695 1464 749 constituto
1504 695 1692 766 [idest]
1732 697 1789 750 in

116 769 234 824 VII.
274 774 427 839 parte
471 769 762 838 horoscopi
808 769 955 822 Mars
1002 768 1167 821 fuerit
1212 769 1474 823 inventus
1553 769 1696 824 Nam
1742 771 1789 824 si

116 845 191 898 sic
230 844 358 897 Iove
406 844 705 897 constituto
752 841 894 896 idest
939 842 997 895 in
1042 842 1164 895 XII.
1204 843 1322 896 loco
1371 844 1437 896 ab
1483 843 1787 914 horoscopo

49 938 93 971 10
116 918 261 971 Mars
301 918 356 970 in
397 935 589 971 occasu
628 917 907 987 geniturae
954 916 1118 969 fuerit
1158 917 1486 970 constitutus
1496 961 1510 987 ,
1554 918 1694 971 idest
1733 920 1791 972 in

117 991 234 1045 VII.
274 992 340 1044 ab
380 992 682 1060 horoscopo
722 992 864 1061 loc0‚
911 990 1259 1044 biothanatos
1300 991 1413 1044 sine
1453 992 1789 1046 dubitatione

113 1066 369 1136 perficiet.
446 1065 657 1118 Maiora
696 1068 875 1118 autem
917 1067 1074 1117 erunt
1110 1065 1243 1118 haec
1282 1065 1425 1118 mala
1474 1069 1529 1118 et
1574 1066 1791 1120 fortiori
1808 1067 1878 1121 23

115 1140 424 1193 calamitate
469 1138 799 1208 praevalida,
848 1139 894 1191 si
938 1138 996 1190 in
1035 1137 1156 1191 XII.
1195 1139 1316 1192 loco
1362 1138 1548 1192 Iovem
1596 1141 1792 1194 consti·

115 1217 296 1266 tutum
350 1231 445 1283 per
499 1214 822 1265 diametrum
871 1211 962 1266 Sol
1019 1210 1390 1282 Saturnusque
1443 1215 1791 1283 respexerint.

52 1306 92 1339 15
118 1288 295 1344 Erunt
335 1290 517 1340 autem
554 1305 815 1355 pauperes
857 1287 1183 1355 aerumnosi,
1229 1287 1274 1339 si
1315 1287 1391 1340 sic
1429 1286 1556 1341 Iove
1596 1288 1793 1341 consti-

118 1365 236 1414 tuto
276 1361 333 1413 in
370 1364 636 1414 nocturna
674 1359 925 1430 genitura
964 1360 1212 1413 deficiens
1260 1379 1316 1413 se
1355 1359 1509 1413 Luna
1549 1380 1646 1430 per
1685 1361 1792 1414 dia-

120 1438 354 1487 metrum
395 1433 723 1504 opposuerit.
793 1432 849 1486 Si
888 1453 1014 1487 vero
1053 1452 1226 1502 neque
1266 1434 1315 1486 ei
1356 1432 1448 1487 Sol
1486 1453 1659 1504 neque
1702 1434 1793 1488 Sa-

117 1514 308 1561 turnus
360 1508 419 1560 in
464 1508 728 1560 diametro
777 1508 980 1560 fuerint
1035 1511 1089 1560 et
1143 1507 1286 1560 bona
1339 1508 1620 1578 geniturae
1673 1509 1795 1562 loca

118 1582 455 1651 possederint
498 1600 597 1634 nec
645 1582 916 1634 deficienti
961 1581 1162 1634 lumine
1207 1581 1325 1635 Iovi
1372 1600 1427 1635 se
1470 1581 1623 1635 Luna
1670 1602 1792 1636 con-

50 1675 94 1706 20
121 1655 330 1725 tulerit,
370 1655 532 1708 faciet
573 1674 687 1726 eOS,
733 1655 825 1724 qui
866 1655 942 1708 sic
979 1654 1269 1708 habuerint
1306 1655 1513 1725 Iovem,
1562 1657 1794 1726 quodam

122 1730 309 1782 subtili
353 1729 583 1782 artificio
632 1747 789 1798 saepe
827 1729 1116 1798 pollenteS,
1164 1733 1257 1782 aut
1303 1730 1548 1783 aurifices
1597 1734 1690 1783 aut
1730 1749 1794 1783 ex

123 1823 252 1857 auro
291 1806 469 1857 vestes
509 1803 794 1873 pingentes
835 1806 929 1856 aut
968 1803 1304 1857 inauratores
1346 1808 1440 1856 aut
1472 1804 1792 1858 musivarios

122 1881 215 1930 aut
261 1895 326 1930 ex
366 1881 591 1947 argento
639 1877 901 1946 quaedam
946 1877 1202 1930 facientes
1251 1896 1426 1947 opera.
1504 1877 1796 1947 Adpetitur

125 1955 306 2003 autem
344 1954 505 2020 atque
544 1951 817 2018 laudatur,
865 1968 1232 2019 quaecumque
1275 1970 1361 2004 ars
1400 1950 1588 2021 fuerit,
1631 1951 1677 2004 si
1717 1951 1794 2005 sic

56 2041 99 2075 25
123 2024 239 2077 Iovi
280 2025 576 2078 constituto
610 2024 835 2078 Veneris
875 2043 990 2077 sese
1031 2025 1190 2077 stella
1231 2027 1497 2094 oportuna
1535 2025 1794 2078 societate

121 2098 469 2152 coniunxerit.

265 2171 330 2224 In
375 2171 503 2224 Iove
550 2190 761 2240 quoque
814 2171 872 2223 in
922 2171 1448 2224 duodecatemorium
1503 2172 1791 2242 diligenter
1808 2172 1882 2227 24

120 2246 352 2314 inquire,
398 2248 460 2297 ut
501 2245 636 2313 <ex>
681 2245 1148 2299 duodecatemorio
1196 2245 1336 2298 vires
1383 2245 1496 2299 eius
1544 2246 1795 2317 diligenti

120 2320 328 2372 ratione
367 2319 654 2388 repperias

271 2469 293 2507 1
321 2463 363 2507 ei
387 2478 469 2509 om.
494 2468 573 2506 PB
663 2469 691 2508 4
715 2462 979 2519 felicitates,
1003 2477 1115 2508 corr.
1133 2468 1170 2506 V
1192 2477 1276 2509 rec
1368 2469 1394 2509 5
1418 2478 1525 2508 eum
1547 2466 1628 2523 κσ]
1653 2479 1758 2508 cum
1782 2465 1792 2531 Ι

120 2523 339 2582 deterant
370 2537 395 2567 σ
515 2527 539 2566 7
571 2522 725 2580 posito
756 2527 801 2565 Μ
849 2524 855 2581 1
905 2521 1029 2566 idest
1058 2523 1142 2567 del.
1173 2540 1201 2567 κ
1330 2528 1356 2568 8
1387 2526 1522 2581 parte
1551 2523 1795 2580 horoscop1

116 2587 297 2638 praeter
326 2583 529 2636 solitum,
559 2583 615 2637 cf.
650 2585 726 2637 58,
750 2593 772 2622 2
892 2586 945 2624 12
978 2582 1132 2641 erunt]
1171 2595 1249 2626 era
1279 2587 1312 2626 P
1434 2588 1487 2626 13
1519 2581 1794 2638 calamitati,

122 2655 235 2685 corr.
266 2645 304 2684 A
331 2642 337 2698 Ι
363 2640 556 2698 pualida
586 2644 619 2683 P
726 2645 780 2685 17
811 2642 915 2696 sort.
948 2640 1031 2684 del.
1066 2639 1109 2685 ei
1218 2646 1272 2685 19
1305 2641 1538 2686 deficienti
1570 2642 1796 2686 ablativus

126 2704 181 2742 20
215 2699 281 2743 sic
310 2713 390 2752 ej}
414 2704 447 2742 P
567 2705 623 2744 27
658 2699 1070 2745 duodecathemor-
1095 2700 1230 2757 (idem
1261 2703 1335 2758 28)
1420 2706 1475 2744 28
1509 2714 1565 2743 ex
1596 2700 1700 2744 add.
1727 2716 1754 2744 κ
1783 2700 1789 2758 Ι

124 2770 273 2815 aures,
305 2772 416 2803 corr.
449 2756 500 2802 Δί

214 3001 421 3044 Fur-meus,
444 3002 502 3035 ed.
526 3003 667 3036 Kroll
691 3006 730 3036 et
753 3002 970 3036 Skutsch.
1012 3003 1044 3036 1.
1505 2997 1531 3036 8
