2014 3202
213 129 320 183 230
940 128 1167 174 FIRMICI

129 252 195 303 17
216 254 270 302 et
307 248 610 319 potentiam
647 248 892 317 perducit
931 267 1052 303 cum
1083 249 1260 320 gratia
1290 250 1605 302 venustatis
1668 249 1726 304 Si
1757 269 1882 304 vero
1914 309 1917 314 ἵ

213 323 316 390 <a>
355 322 624 376 Mercurio
672 322 906 375 defluens
944 321 1097 376 Luna
1141 323 1300 392 plena
1337 322 1630 376 luminibus
1677 323 1884 377 feratur

214 398 280 449 ad
313 396 593 465 Venerem,
629 399 723 448 aut
755 399 1059 449 aromatum
1090 395 1256 467 <aut>
1286 397 1691 467 pigmentorum
1720 397 1884 451 faciet

214 473 308 523 aut
363 470 604 548 colorum
658 472 752 522 aut
804 469 1316 523 medicamentorum
1378 474 1470 523 aut
1521 471 1884 540 pretiosorum

211 544 451 613 lapidum
490 546 791 612 repertores
832 546 926 595 aut
963 544 1226 612 pretiosas
1266 545 1477 598 tunicas
1517 548 1632 597 arte
1673 563 1770 598 sua
1807 545 1883 598 fa·
1928 566 1949 600 5

213 618 416 670 cientes
464 621 558 669 aut
605 616 919 687 organarios
969 620 1064 669 aut
1112 619 1474 686 pantomimos
1529 622 1622 671 aut
1674 618 1766 688 qui
1816 619 1884 672 ad

215 709 371 744 omne
410 709 581 760 genus
630 690 937 743 saltationis
977 690 1246 744 adfectent
1292 695 1386 744 aut
1433 692 1526 761 qui
1565 692 1700 745 alios
1740 692 1884 746 dulci

211 783 340 818 voce
388 764 679 835 delectent,
729 764 820 817 sed
867 764 1161 817 mediocres
1206 764 1264 817 in
1311 766 1423 818 vita
1470 769 1524 818 et
1573 766 1665 835 qui
1709 784 1882 835 neque

212 839 484 891 abundent
522 839 581 891 in
617 838 876 891 facultate
913 856 1012 891 nec
1049 838 1474 891 necessariorum
1513 840 1764 910 angustia
1799 840 1884 892 de-

210 913 530 982 primantur,
562 913 655 966 sed
676 911 763 965 his
786 911 920 980 ipsis
954 915 1246 982 augmenta
1275 912 1597 965 facultatum
1627 930 1883 981 processu
1906 935 1949 967 ιο

210 986 472 1056 temporis
513 986 883 1056 conferuntur,
929 986 986 1038 in
1024 986 1239 1038 venerio
1285 986 1431 1038 coitu
1467 986 1599 1039 facit
1636 986 1882 1039 libidino-

211 1078 298 1113 sos
339 1063 394 1113 et
431 1060 581 1113 vitiis
621 1059 941 1129 quibusdam
989 1077 1199 1128 semper
1244 1059 1518 1128 inplicitos
1565 1063 1619 1112 et
1666 1059 1759 1128 qui
1798 1061 1885 1113 ad-

127 1133 194 1187 18
214 1134 381 1186 siduis
434 1135 501 1187 ob
551 1134 685 1187 haec
734 1134 1019 1202 pulsantur
1067 1132 1321 1186 infamiis.
1399 1132 1455 1186 Si
1501 1151 1629 1186 vero
1674 1132 1886 1186 minuta

210 1208 505 1261 luminibus
551 1207 610 1260 in
653 1211 919 1260 nocturna
965 1206 1214 1277 genitura
1259 1226 1291 1260 a
1332 1207 1600 1261 Mercurio
1648 1207 1883 1260 defluens

208 1281 361 1334 Luna
383 1282 589 1335 feratur
614 1282 682 1334 ad
697 1281 978 1350 Venerem,
999 1280 1203 1350 (facit)
1228 1281 1422 1334 divites
1447 1284 1696 1350 potentes
1713 1281 1882 1350 impe-
1907 1302 1948 1335 15

209 1357 383 1409 riosos
400 1372 628 1426 magnos
647 1358 701 1407 et
717 1354 913 1424 quibus
931 1356 1212 1425 regionum
1228 1355 1314 1407 vel
1331 1355 1615 1408 civitatum
1629 1355 1884 1407 maxima-

209 1448 330 1482 rum
352 1430 515 1482 tuitio
542 1429 803 1495 credatur,
825 1428 1146 1498 praesertim
1171 1428 1216 1480 si
1239 1428 1470 1481 liberata
1494 1447 1526 1481 a
1552 1427 1693 1482 Solis
1718 1428 1885 1482 radiis

209 1502 364 1555 Luna
412 1504 470 1555 in
520 1502 809 1570 horoscopi
863 1502 1019 1572 signo
1073 1501 1238 1554 fuerit
1291 1502 1533 1571 inventa,
1589 1502 1681 1555 sed
1731 1505 1785 1555 et
1837 1501 1884 1554 si

209 1575 394 1628 Venus
434 1575 600 1628 simili
631 1576 790 1628 modo
826 1574 968 1628 Solis
999 1575 1164 1628 radiis
1196 1575 1427 1628 liberata
1457 1576 1515 1628 in
1544 1575 1646 1645 his,
1683 1576 1741 1628 in
1772 1575 1883 1643 qui-

209 1650 311 1702 bus
352 1650 606 1717 diximus,
643 1649 778 1702 locis
818 1667 1035 1702 cursum
1072 1648 1255 1701 Lunae
1294 1649 1558 1702 venientis
1598 1648 1880 1717 exceperit.
1907 1669 1949 1701 20

213 1722 271 1776 Si
302 1741 427 1776 vero
458 1723 516 1775 in
547 1723 740 1776 ceteris
773 1722 1052 1791 geniturae
1077 1722 1210 1774 locis
1235 1721 1399 1775 fuerit
1426 1723 1534 1774 ista
1558 1722 1883 1789 coniunctiO,

210 1797 490 1864 honestos,
543 1796 716 1849 multa
768 1795 988 1864 negotia
1042 1798 1262 1865 agentes
1309 1795 1492 1863 faciet,
1539 1798 1593 1847 et
1647 1795 1882 1864 propriis

126 1870 192 1923 19
212 1871 415 1923 viribus
447 1869 762 1939 patrimonii
794 1869 899 1921 sibi
932 1868 1293 1921 substantiam
1326 1872 1603 1937 quaerunt.
1667 1867 1725 1921 Si
1755 1885 1882 1921 vero

211 1963 307 2012 per
345 1945 486 1997 diem
526 1944 734 1996 minuta
771 1942 974 1995 lumine
1014 1943 1080 1995 ad
1114 1941 1379 1995 Venerem
1418 1942 1623 1995 feratur
1663 1945 1716 1994 et
1755 1941 1884 2010 <in>

211 2017 328 2072 MC.
367 2018 452 2071 vel
490 2017 547 2069 in
586 2017 792 2070 decimo
833 2017 901 2069 ab
940 2016 1242 2085 horoscopo
1274 2017 1393 2069 loco
1426 2016 1590 2068 fuerit
1620 2016 1727 2068 ista
1759 2033 1881 2068 con-
1904 2035 1946 2070 25

212 2092 433 2161 iunctio,
481 2091 620 2144 sacri
659 2090 968 2144 certaminis
1014 2090 1222 2158 palmas
1271 2108 1602 2158 coronasque
1649 2089 1881 2160 largitur

213 2169 308 2218 aut
363 2165 528 2219 sacris
584 2164 966 2218 certaminibus
1027 2163 1158 2216 facit
1219 2181 1335 2216 esse
1396 2163 1734 2233 praepositos
1790 2165 1884 2215 aut

213 2240 541 2308 templorum
565 2237 917 2291 fabricatores
943 2240 1037 2289 aut
1055 2235 1463 2290 simulacrorum
1483 2239 1882 2290 consecratores

212 2312 345 2365 facit
385 2315 478 2364 aut
518 2315 662 2364 certe
699 2329 959 2365 neocoros
993 2315 1086 2363 aut
1117 2311 1386 2379 principes
1420 2310 1758 2363 sacerdotum
1789 2312 1883 2361 aut

361 2446 387 2484 2
421 2454 449 2484 a
487 2442 592 2485 add.
627 2439 718 2488 ΘΚ
763 2441 767 2497 Ι
810 2441 941 2484 Luna
980 2439 1063 2498 <in
1102 2439 1266 2483 diurna
1304 2439 1555 2498 genitura>
1593 2439 1772 2494 scripsit
1801 2443 1884 2483 aut

212 2501 367 2546 debuit
394 2501 581 2545 scribere
613 2498 845 2543 Firmicus
964 2504 989 2542 3
1022 2501 1335 2543 aromatorum
1363 2503 1408 2541 u
1442 2499 1447 2556 Ι
1483 2500 1566 2542 aut
1595 2498 1700 2541 add.
1732 2495 1839 2541 Sitcl
1871 2496 1879 2555 Ι

213 2560 542 2616 pig-memores,
573 2571 684 2603 corr.
718 2558 824 2602 Sittl
850 2560 856 2613 Ι
883 2557 1027 2602 faciet
1058 2560 1140 2601 aut
1170 2557 1240 2616 A']
1273 2557 1416 2601 faciet
1447 2557 1799 2614 augmentorum
1828 2569 1884 2599 em

212 2633 356 2674 supra
385 2619 565 2674 scriptis
594 2622 740 2661 ortum
860 2622 885 2660 6
920 2617 979 2660 ad
1002 2630 1084 2661 om.
1110 2621 1154 2659 Π
1267 2622 1291 2660 7
1324 2613 1620 2659 salutationis
1643 2618 1721 2655 PB
1748 2615 1754 2669 Ι
1783 2613 1883 2656 dul-

215 2677 279 2730 cis
302 2682 335 2719 P
467 2682 520 2720 12
552 2674 816 2732 implicatos
847 2674 896 2717 A'
1021 2680 1074 2719 13
1113 2675 1355 2731 pulsentur
1393 2672 1484 2722 QA'
1622 2676 1675 2715 15
1706 2672 1884 2716 feratur

216 2749 336 2779 auen
366 2740 411 2778 Η
436 2738 442 2792 Ι
469 2735 616 2791 suppl.
649 2750 676 2776 a
812 2738 864 2777 16
896 2734 991 2792 uel]
1026 2736 1073 2777 et
1102 2738 1146 2776 M
1289 2738 1341 2776 17
1376 2746 1403 2775 a
1434 2733 1490 2786 cf.
1514 2734 1621 2784 235,
1644 2741 1700 2774 23.
1732 2734 1838 2786 251,
1861 2742 1884 2772 2

218 2799 272 2837 19
303 2793 352 2837 in
376 2800 481 2850 post
509 2793 582 2836 his
614 2807 696 2838 om.
729 2796 773 2834 u
871 2796 926 2835 20
959 2792 1164 2849 exeperit
1193 2796 1237 2834 n
1324 2795 1378 2834 21
1411 2790 1536 2834 locos
1567 2794 1625 2831 pa
1714 2794 1768 2832 22
1802 2795 1884 2834 aut

216 2855 264 2895 et
294 2852 444 2912 <qui>
477 2859 558 2897 aut
588 2852 862 2908 quaerentes
994 2855 1050 2893 24
1081 2851 1258 2894 feratur
1289 2849 1349 2892 ad
1381 2862 1472 2892 uen
1502 2852 1546 2890 M
1581 2851 1586 2905 Ι
1620 2846 1669 2890 in
1701 2849 1805 2892 add.
1830 2846 1879 2890 A‘

218 2915 271 2953 25
304 2924 439 2955 merc.
473 2916 519 2967 P,
551 2912 668 2956 inter
698 2925 745 2952 m
775 2915 815 2954 et
847 2923 869 2952 c
900 2922 1011 2953 eras.
1045 2924 1068 2951 r
1097 2913 1134 2950 R
1253 2912 1307 2951 29
1339 2920 1555 2951 neocores
1586 2911 1619 2949 P
