1992 3198
614 737 883 796 LIBER
927 737 1275 797 PRIMUS.

722 874 1184 929 PROOEMIUM.

256 986 402 1040 Olim
432 986 536 1040 tibi
565 986 666 1040 hos
698 987 930 1056 libellos,
961 985 1196 1040 Mavorti
1228 986 1388 1039 decus
1412 990 1676 1056 nostrum,
1702 1006 1787 1041 me
1810 992 1836 1042 1

107 1060 409 1115 dicaturum
435 1079 550 1114 esse
574 1061 948 1131 promiseram,
978 1079 1165 1113 verum
1188 1061 1280 1114 diu
1304 1079 1388 1113 me
1421 1061 1789 1115 inconstantia

62 1155 84 1187 5
107 1135 456 1188 verecundiae
495 1133 792 1187 retardavit
832 1139 887 1187 et
926 1135 993 1187 ab
1026 1135 1134 1187 isto
1175 1134 1446 1187 scribendi
1485 1136 1664 1189 studio
1697 1136 1789 1188 du-

106 1209 198 1262 bia
236 1209 596 1278 trepidatione
635 1207 923 1278 revocavit,
963 1226 1087 1261 cum
1123 1208 1396 1278 fragilitas
1436 1207 1642 1279 ingenii
1682 1211 1787 1262 mei

105 1283 244 1335 nihil
285 1301 340 1335 se
380 1283 516 1335 scire
548 1281 656 1334 tale
686 1299 846 1350 posse
880 1283 1201 1350 conciperet,
1242 1283 1385 1350 quod
1418 1283 1643 1352 dignum
1673 1283 1789 1336 fore

106 1357 218 1408 tuis
259 1356 479 1409 auribus
518 1355 794 1408 iudicaret.
842 1355 987 1408 Nam
1026 1373 1148 1408 cum
1187 1373 1332 1408 esses
1372 1356 1430 1408 in
1463 1354 1841 1425 Campaniae2

107 1429 415 1498 provinciae
462 1429 700 1482 fascibus
749 1429 1104 1497 constitutuS‚
1153 1429 1302 1481 cuius
1351 1432 1406 1481 te
1448 1430 1789 1484 administra-

43 1524 87 1555 ιο
108 1503 274 1556 tionis
315 1503 508 1555 merito
550 1503 783 1554 maxima
822 1503 1043 1555 honoris
1084 1502 1350 1572 dignitate
1388 1504 1666 1573 nobilita8‚
1707 1523 1792 1558 oc-

109 1576 252 1630 curri
289 1575 393 1628 tibi
430 1576 611 1646 rigore
658 1576 973 1629 hiemalium
1016 1576 1336 1645 pruinarum
1375 1580 1430 1629 et
1467 1578 1666 1646 prolixi
1705 1579 1791 1631 iti-

105 1650 250 1703 neris
268 1650 580 1703 diversitate
605 1649 898 1703 confectus.
935 1650 1058 1703 Illic
1079 1654 1140 1703 tu
1164 1651 1475 1720 languentis
1494 1655 1550 1704 et
1569 1652 1792 1723 fatigati

107 1723 348 1793 corporis
387 1724 493 1776 mei
533 1724 742 1777 senium
780 1724 962 1777 enisus
1002 1742 1059 1777 es
1105 1724 1227 1777 fidis
1267 1727 1323 1776 et
1362 1725 1791 1796 religiosissimis

108 1797 378 1851 amicitiae
409 1798 645 1851 relevare
676 1797 950 1851 fomentis.
1010 1797 1148 1852 Cum
1177 1798 1363 1867 itaque
1397 1799 1464 1851 ad
1494 1800 1788 1869 pristinum
1808 1802 1841 1854 3

41 1892 84 1924 15
108 1890 192 1924 me
240 1874 447 1924 statum
494 1871 710 1925 solaciis
758 1891 820 1925 ac
860 1873 1082 1926 medelis
1132 1872 1242 1924 tuis
1284 1873 1490 1926 sanitas
1530 1875 1790 1927 restituta

107 1949 436 2015 revocasset,
483 1945 781 1999 recolentes
828 1946 1061 2000 invicem
1105 1946 1368 2015 pristinos
1416 1950 1571 1999 actus
1619 1951 1674 1999 et
1721 1949 1788 2000 ad

107 2019 425 2072 memoriam
474 2023 788 2072 revocantes
838 2020 1094 2072 honestas
1143 2023 1198 2072 et
1247 2020 1425 2072 varias
1477 2038 1788 2074 sermonum

106 2092 320 2145 fabulas
353 2093 678 2146 serebamus,
738 2093 1100 2162 Posteaquam
1131 2094 1195 2146 de
1229 2093 1438 2146 actibus
1472 2112 1533 2147 ac
1570 2095 1634 2147 de
1664 2096 1841 2164 pro-4

109 2166 348 2219 cessibus
380 2166 584 2220 nostris
617 2167 950 2221 confabulati
983 2185 1183 2235 sumus,
1223 2169 1497 2220 scrutatus
1530 2187 1562 2220 a
1596 2187 1682 2221 me
1715 2188 1788 2234 es,

40 2261 86 2292 20
109 2240 250 2293 sicut
290 2241 600 2309 meministi,
639 2242 810 2294 totius
846 2240 1061 2295 Siciliae
1094 2242 1276 2310 situm,
1314 2259 1476 2309 quam
1513 2241 1694 2295 incolo
1734 2247 1790 2296 et

110 2313 248 2366 unde
296 2314 522 2367 oriundo
571 2319 712 2385 sum,
768 2318 822 2368 et
869 2315 1071 2384 omnia,
1127 2332 1264 2384 quae
1317 2318 1525 2368 veteres
1572 2316 1790 2370 fabulae

255 2474 523 2519 Inscribant
553 2474 660 2518 Iulii
692 2474 879 2518 Firmici
911 2473 1111 2517 Materni
1141 2473 1340 2518 Iunioris
1371 2475 1635 2519 matheseos
1676 2478 1791 2533 (ma-

110 2531 243 2575 theos
274 2534 335 2589 M)
367 2532 487 2576 liber
516 2533 693 2590 primus
723 2532 891 2590 incipit
922 2531 1106 2589 (incipit
1135 2532 1256 2577 liber
1285 2533 1479 2591 primus)
1499 2539 1643 2577 'MPB
1672 2549 1792 2589 unc„

110 2595 148 2632 V
186 2592 372 2635 minus-c.
412 2593 418 2649 Ι
459 2592 747 2648 prooemium
784 2593 1048 2636 addidimus
1194 2598 1223 2636 4
1256 2592 1336 2635 diu
1366 2606 1440 2636 me
1478 2608 1534 2637 ex
1565 2592 1723 2636 diuine
1754 2599 1793 2637 R.

112 2648 271 2693 diuine
294 2654 334 2692 V
437 2656 464 2694 8
497 2651 760 2711 campanie:
792 2666 855 2707 pa
885 2665 940 2695 ex
970 2650 1018 2707 pi
1047 2655 1087 2693 B
1206 2656 1232 2694 9
1265 2652 1325 2706 ad
1355 2654 1402 2695 te
1434 2657 1467 2694 P
1573 2656 1628 2694 10
1659 2652 1795 2696 meri-

111 2708 509 2754 tum—nobilitat
530 2709 579 2753 A‘
610 2712 616 2768 Ι
644 2709 822 2755 occurri
852 2710 900 2768 v]
924 2709 1123 2754 occurrit
1203 2716 1255 2755 11
1288 2710 1416 2768 rigor
1430 2715 1519 2752 HV
1612 2715 1666 2754 13
1698 2711 1794 2755 eni-

110 2810 196 2839 xus
226 2801 331 2839 PRa
436 2802 491 2842 14
521 2799 804 2855 amicicitiae
834 2803 872 2840 V
906 2798 912 2855 Ι
953 2798 1161 2842 reuelare
1190 2803 1236 2841 Μ
1328 2804 1380 2842 17
1414 2780 1674 2853 sermonem
1704 2802 1797 2857 (em

41 2903 44 2907 ,
113 2857 212 2911 ex?)
244 2860 279 2898 P
369 2861 425 2900 20
457 2857 515 2901 de
546 2860 579 2901 t.
613 2858 655 2902 S.
689 2858 783 2902 situ
805 2862 842 2899 V
934 2861 988 2900 21
1023 2856 1238 2915 oriundo]
1270 2859 1326 2912 cf.
1355 2858 1400 2902 C'.
1420 2857 1479 2901 F.
1506 2859 1576 2902 W.
1596 2859 1798 2904 Mueller

114 2914 228 2958 Abh.
251 2915 287 2968 f.
314 2915 622 2961 Friedlii‘nder
652 2917 764 2962 545⁴

201 2995 410 3040 Fuuncus,
432 2999 490 3030 ed.
513 2999 652 3032 Kroll
675 3002 712 3032 et
737 2998 954 3032 Skutsch.
993 2999 1024 3032 Ι.
1503 2996 1524 3033 1
