2014 3202
253 135 354 187 198
970 133 1196 179 FfflMici

247 255 606 323 potestatibus
647 273 707 307 ac
738 254 941 308 viribus
975 256 1300 308 sustinentes
1332 255 1606 308 hominem
1638 255 1818 308 divina
1849 274 1911 309 ac

247 334 459 380 terrena
521 328 912 381 coniunctionis
973 329 1230 382 societate
1286 329 1645 397 compositum
1696 329 1922 399 integra

197 402 420 471 bspecie
473 420 532 454 ac
581 401 757 454 forma
806 402 1030 470 perfecti
1079 404 1255 471 operis
1307 403 1650 472 explicarent.
1735 402 1910 465 Quare

247 475 382 529 scire
423 476 691 544 debemUS,
738 475 879 544 quod
918 494 1110 544 corpus
1149 476 1383 529 hominis
1424 475 1575 529 Luna
1614 477 1910 545 susceperit

235 553 300 602 ,et
351 550 491 619 qu‘od
540 549 718 601 Lunae
767 549 838 602 sit
883 550 1246 617 potestatibus
1294 551 1631 619 deputatum3
1680 568 1806 603 nam
1856 552 1909 603 et
1954 569 1975 604 5

246 624 534 676 crescentis
578 622 761 675 Lunae
809 625 1097 691 augmenta
1142 624 1198 676 in
1245 624 1560 693 corporibus
1606 624 1806 677 nostris
1854 627 1910 676 et

246 696 540 750 deficientis
586 696 805 749 luminis
857 697 1050 749 damna
1100 697 1374 750 sentimus
1453 698 1716 750 Medullae
1768 697 1911 750 enim

244 771 465 823 humani
513 770 775 839 corporiS‚
824 788 944 823 cum
982 769 1133 823 Luna
1179 771 1428 840 creverit,
1474 774 1741 840 crescunt3
1788 789 1910 823 cum

243 863 369 897 vero
409 845 716 896 inanescere
757 845 992 913 coeperit
1038 844 1301 897 destituta
1337 845 1655 912 luminibus,
1700 844 1926 897 tenuati

245 919 484 987 corporis
539 917 861 988 fatigatione
922 918 1301 988 languescunt3
1363 919 1456 972 sed
1510 922 1564 971 et
1616 918 1910 971 humanum
1933 940 1976 972 ιο

245 1010 437 1062 corpus
477 990 630 1045 Luna
669 992 946 1045 deficiente
993 993 1250 1045 decrescit
1298 995 1353 1045 et
1397 1010 1583 1045 rursus
1623 992 1909 1046 crescentis

193 1065 224 1116 6
242 1065 423 1118 Lunae
449 1066 855 1135 complementis
881 1065 1232 1119 sollemnibus
1257 1066 1562 1119 inundatur.
1622 1064 1710 1119 Sic
1736 1065 1909 1118 omnis

243 1139 549 1192 substantia
587 1140 788 1192 terreni
827 1139 1066 1209 corporis
1105 1140 1264 1192 istius
1302 1140 1537 1192 numinis
1573 1139 1911 1209 providentia

243 1215 588 1283 gubernatur.
663 1213 728 1265 In
776 1214 1167 1283 posterioribus
1220 1214 1361 1266 enim
1413 1213 1547 1267 caeli
1596 1213 1908 1283 regionibus

243 1288 506 1340 collocata
567 1291 620 1340 et
681 1292 856 1352 terrae
910 1288 1195 1357 imperium
1255 1306 1319 1340 ex
1379 1288 1657 1341 vicinitate
1715 1287 1909 1340 sortita
1935 1309 1977 1342 15

244 1362 422 1414 omnia
462 1380 700 1430 corpora,
749 1379 884 1430 quae
921 1361 1276 1430 inspiratione
1316 1361 1525 1415 divinae
1565 1361 1760 1414 mentis
1801 1360 1910 1413 ani-

243 1439 481 1506 mantur,
528 1454 715 1488 cursus
755 1435 839 1487 sui
877 1435 1166 1504 multiplici
1205 1435 1465 1489 varietate
1505 1438 1814 1488 sustentans
1855 1437 1910 1486 et

242 1527 337 1576 per
376 1510 532 1579 signa
572 1510 752 1561 omnia
789 1509 988 1562 festina
1019 1510 1291 1562 celeritate
1323 1509 1625 1562 discurrens
1659 1512 1713 1561 et
1745 1508 1911 1561 omni-

242 1583 343 1634 bus
384 1582 557 1635 stellis
588 1582 827 1638 adsiduis
861 1601 917 1635 se
950 1583 1418 1636 coniunctionibus
1451 1583 1662 1636 socians
1695 1601 1759 1634 ex
1790 1599 1910 1634 con-

241 1655 424 1708 trariis
478 1655 731 1708 mixturis
785 1660 840 1708 et
894 1675 958 1708 ex
1012 1656 1315 1725 disparibus
1369 1656 1647 1709 elementis
1697 1656 1910 1724 integra
1933 1678 1976 1709 20

243 1729 530 1798 compositi
578 1729 758 1799 operis
802 1729 1108 1782 substantia
1155 1733 1402 1782 mutuata
1449 1730 1629 1782 omnia
1676 1729 1910 1781 animan-

243 1803 381 1855 tium
421 1821 646 1872 corpora
685 1807 739 1855 et
778 1806 1035 1871 concepta
1073 1806 1321 1872 procreat
1354 1806 1407 1855 et
1438 1805 1692 1872 generata
1724 1802 1911 1854 dissol-

194 1875 337 1929 7vit.
414 1876 792 1929 Laborandum
839 1877 1021 1945 itaque
1069 1881 1123 1929 et
1162 1877 1219 1929 in
1265 1877 1412 1930 omni
1459 1876 1736 1946 geniturae
1785 1876 1910 1928 sub-

244 1950 447 2002 stantia
485 1950 592 2003 ista
631 1950 828 2019 (pars)
873 1968 1068 2021 magno
1116 1969 1274 2019 opere
1318 1951 1656 2020 requirenda,
1701 1949 1759 2001 in
1805 1967 1911 2018 qua

243 2028 326 2076 est
363 2023 517 2077 Luna
557 2025 873 2092 constituta3
919 2027 1120 2093 quanto
1169 2024 1311 2076 enim
1350 2023 1503 2076 Luna
1540 2023 1812 2076 velocibus
1853 2041 1908 2075 se
1933 2044 1976 2077 25

243 2097 631 2166 agitationibus
679 2098 938 2151 transfert
985 2102 1039 2151 et
1088 2101 1289 2167 quanto
1337 2116 1391 2151 se
1441 2097 1612 2150 stellis
1660 2095 1909 2150 omnibus

244 2172 403 2223 celeri
449 2171 794 2225 festinatione
842 2172 1140 2241 coniungit,
1193 2174 1347 2224 tanto
1400 2189 1499 2224 nos
1554 2189 1740 2224 cursus
1795 2170 1909 2222 eius

390 2335 414 2373 2
449 2330 771 2374 coniunctione
801 2335 890 2373 MV
1025 2336 1049 2375 3
1083 2310 1374 2398 explicarem,
1406 2345 1516 2376 οων.
1543 2329 1591 2373 A
1729 2334 1752 2372 7
1786 2328 1910 2372 enim

244 2403 324 2433 om.
350 2394 394 2431 M
514 2394 539 2432 8
572 2389 789 2434 crescerit
810 2394 854 2432 M
974 2394 1008 2433 9
1030 2389 1182 2434 inanis
1215 2389 1389 2447 ceperit
1411 2390 1567 2433 destat
1598 2390 1651 2432 ut
1672 2387 1720 2444 (i.
1746 2402 1782 2431 c.
1809 2400 1910 2431 esse

243 2450 390 2492 restat
420 2450 472 2492 ut
501 2451 554 2504 V)
588 2463 628 2504 a,
661 2463 770 2493 corr.
798 2466 825 2492 κ
947 2453 1000 2492 10
1032 2448 1338 2506 languescant
1360 2453 1397 2491 V
1519 2453 1570 2491 11
1605 2445 1830 2506 decrescit
1859 2447 1907 2512 κ]

241 2507 630 2563 deserit3hum01
653 2508 742 2551 sive
767 2507 955 2564 sanguis
974 2514 1078 2564 post
1101 2465 1148 2551 egt
1172 2509 1199 2552 Ζ.
1218 2513 1277 2552 10
1300 2507 1514 2552 excidisse
1537 2507 1625 2550 vid.
1645 2519 1671 2548 6
1762 2510 1814 2548 15
1840 2520 1910 2548 ui-

245 2565 438 2610 ciuitate
477 2571 509 2608 P
556 2568 604 2623 (n
649 2572 730 2610 ex?
768 2570 823 2623 B.)
1004 2571 1057 2610 17
1097 2568 1361 2611 sustentant
1405 2567 1494 2622 (-at
1531 2566 1606 2621 V),
1653 2577 1763 2608 corr.
1804 2564 1911 2608 Sittl

246 2630 299 2668 18
355 2625 612 2669 discurrens
658 2625 721 2682 V]
778 2625 1041 2669 discurrunt
1092 2630 1137 2668 M
1197 2625 1455 2669 discurrent
1506 2628 1539 2665 P
1591 2622 1827 2666 discurent
1871 2627 1910 2665 B

245 2689 299 2727 19
326 2684 509 2727 assidue
531 2688 568 2725 V
596 2684 602 2741 Ι
631 2696 678 2726 se
702 2697 784 2727 om.
810 2689 899 2726 MV
926 2685 932 2742 Ι
961 2683 1139 2728 sociant
1163 2686 1197 2742 (-
1181 2683 1323 2727 -tiant
1344 2685 1419 2739 Μ),
1444 2695 1554 2726 corr.
1572 2685 1654 2729 ΥΟ,
1772 2686 1828 2725 20
1853 2695 1910 2725 ea

242 2742 431 2799 mentis,
472 2757 582 2787 corr.
616 2743 833 2798 Ne'methy
964 2747 1017 2786 21
1051 2741 1251 2799 corporis
1283 2746 1321 2784 A
1357 2742 1363 2799 Ι
1404 2741 1598 2795 mutata,
1638 2754 1748 2784 corr.
1783 2754 1808 2783 σ
1838 2742 1911 2796 (ne

243 2803 439 2846 conicias
472 2801 733 2858 integram.
763 2835 769 2843 .
799 2801 1142 2846 .substantiam
1178 2803 1235 2856 cf.
1261 2801 1416 2855 40,14)
1537 2803 1591 2841 23
1630 2797 1679 2840 in
1717 2813 1798 2842 om.
1830 2803 1911 2841 PB.

245 2865 299 2903 24
331 2859 400 2903 ita
429 2865 473 2902 Μ
517 2862 521 2917 Ι
563 2859 708 2915 suppl.
743 2875 768 2902 κ
908 2865 961 2903 25
995 2860 1180 2915 quando
1219 2865 1275 2902 pa
1404 2861 1459 2900 26
1492 2857 1676 2912 quando
1708 2861 1913 2900 Marnv

245 2923 298 2961 27
332 2933 489 2961 cursus
521 2933 602 2963 om.
628 2923 672 2960 Μ
1606 2937 1609 2939 ’
