2014 3202
834 127 899 171 ΠΙ
925 132 963 184 7,
988 141 1124 173 7-13.
1712 126 1815 179 159

146 252 349 322 gistros
391 253 484 303 aut
523 251 826 320 geometras
874 251 968 301 aut
1007 248 1314 318 astrologos
1356 252 1410 301 et
1450 248 1541 318 qui
1582 248 1814 301 siderum

147 343 362 379 cursum
392 323 676 393 prudentia
706 322 1127 391 computationis
1159 322 1459 390 inveniunt3
1491 322 1622 375 facit
1653 322 1815 375 etiam

145 396 483 468 palaestricis
529 395 867 466 praepositos
913 399 968 448 et
1014 414 1199 448 eorum
1250 396 1428 449 duces,
1504 395 1707 459 Quodsi
1759 396 1816 448 in
1837 396 1904 450 10

145 473 249 526 hoc
282 472 401 525 loco
433 469 730 523 Mercurius
769 470 980 538 positus
1020 470 1451 523 coniunctionem
1484 470 1664 522 Lunae
1704 489 1817 523 cre-

103 570 122 602 5
148 546 346 599 scentis
393 543 681 613 exceperit,
735 547 914 596 totum
967 561 1160 612 corpus
1213 543 1447 596 hominis
1495 543 1632 596 albis
1686 543 1818 596 facit

145 619 345 673 variari
399 618 623 670 maculis
679 621 772 670 aut
830 616 968 687 [qui]
1023 617 1234 670 vitiosis
1283 617 1669 670 valitudinibus
1718 617 1814 669 im·

144 692 371 762 plicabit
416 691 707 744 secundum
752 696 1003 744 naturam
1051 691 1476 761 qualitatemque
1524 692 1815 762 signorum.

148 765 203 820 Si
250 784 375 819 vero
423 765 499 818 sic
546 765 813 818 Mercurio
861 766 1041 834 posito
1090 765 1215 834 [sic]
1264 766 1514 818 deficiens
1563 784 1618 818 se
1664 764 1818 817 Luna

147 840 506 908 coniunxerit,
561 838 897 892 dedecorosis
951 838 1226 893 hominem
1280 839 1668 891 valitudinibus
1722 839 1819 890 im-

2 947 16 953 ·
78 938 121 969 10
142 913 369 984 plicabit
422 916 477 965 et
529 913 693 966 faciet
739 913 1048 982 frequenter
1101 931 1133 965 a
1176 916 1325 966 recto
1375 913 1587 966 vivendi
1634 912 1817 966 ordine

143 987 508 1057 praeposteris
549 986 848 1039 dementiae
888 986 1100 1039 casibus
1140 987 1401 1039 aberrare.

292 1061 356 1113 In
389 1064 541 1113 sexto
573 1061 691 1113 loco
725 1061 792 1113 ab
824 1060 1126 1129 horoscopo
1154 1059 1452 1114 Mercurius
1487 1060 1816 1114 constitutus
1837 1061 1902 1113 11

145 1138 240 1188 aut
279 1154 342 1188 ex
381 1134 538 1187 docta
575 1134 838 1187 facilitate
879 1135 1140 1186 sermonis
1181 1135 1263 1187 sui
1301 1134 1467 1203 <aut>
1506 1153 1571 1187 ex
1601 1135 1818 1187 advoca-

144 1208 291 1262 tione
347 1211 442 1261 aut
488 1227 552 1260 ex
596 1208 965 1278 negotiatione
1021 1211 1114 1260 aut
1167 1227 1231 1260 ex
1279 1209 1500 1262 deorum
1554 1208 1818 1261 reditibus

80 1305 122 1338 15
146 1283 310 1335 faciet
349 1282 625 1335 fortunam
664 1282 764 1334 sibi
806 1283 1096 1334 maximam
1137 1300 1462 1351 comparare,
1500 1282 1820 1350 praesertim

146 1357 193 1410 si
233 1357 309 1409 sic
347 1356 527 1425 posito
568 1356 834 1408 Mercurio
873 1358 930 1408 in
970 1356 1175 1408 decimo
1216 1356 1282 1408 ab
1321 1357 1621 1424 horoscopo
1662 1355 1819 1425 signo

146 1430 303 1483 stella
342 1428 448 1482 alia
488 1429 650 1482 fuerit
690 1430 922 1482 inventa.
1000 1429 1055 1482 Si
1094 1449 1220 1483 vero
1267 1430 1323 1482 in
1361 1433 1626 1483 nocturna
1671 1429 1907 1499 geni-12

147 1509 270 1556 tura
316 1503 614 1555 matutinus
661 1503 718 1555 in
765 1506 915 1555 sexto
962 1502 1080 1556 loco
1127 1503 1293 1556 fuerit
1338 1504 1612 1572 inventUS,
1661 1504 1820 1555 inter-

147 1581 327 1646 pretes
360 1577 658 1645 piscatores
693 1594 922 1645 aucupes
957 1578 1255 1647 sculptores
1280 1577 1428 1647 facit,
1460 1578 1507 1630 si
1539 1577 1616 1630 sic
1638 1577 1818 1646 posito

82 1673 125 1705 20
148 1651 414 1703 Mercurio
465 1651 570 1702 alia
616 1650 775 1703 stella
819 1651 875 1702 in
922 1651 1127 1704 decimo
1169 1652 1448 1721 geniturae
1493 1652 1613 1704 loco
1656 1651 1820 1704 fuerit

145 1725 379 1778 inventa.
456 1724 512 1777 Si
551 1743 677 1777 vero
725 1725 1024 1776 matutinus
1071 1725 1128 1778 in
1165 1728 1430 1778 nocturna
1468 1725 1719 1795 genitura
1763 1725 1821 1776 in

147 1802 299 1851 sexto
332 1799 451 1851 loco
490 1797 655 1851 fuerit
696 1799 1023 1851 constitutus
1063 1802 1118 1851 et
1149 1799 1385 1852 decimus
1419 1800 1486 1852 ab
1518 1800 1818 1868 horoscopo

143 1872 295 1925 locus
326 1872 531 1924 nullam
563 1871 777 1925 stellam
807 1871 1023 1942 habeat,
1053 1871 1184 1926 facit
1216 1873 1484 1943 malignos
1516 1873 1818 1926 malitiosos

147 1946 412 1998 malorum
453 1946 802 1999 consiliorum
842 1949 1104 2015 auctoreS‚
1141 1946 1288 1999 fures
1326 1946 1465 2016 [sed]
1507 1950 1562 1998 et
1602 1947 1694 2014 qui
1732 1964 1816 1998 res

79 2040 122 2073 25
148 2019 350 2071 alienas
402 2018 583 2071 invido
637 2019 833 2072 mentis
889 2019 1077 2072 ardore
1132 2020 1433 2072 desiderent
1487 2024 1541 2072 et
1602 2021 1693 2088 qui
1754 2019 1818 2072 de

148 2093 337 2144 alienis
378 2093 589 2145 casibus
631 2094 918 2163 gaudeant,
967 2094 1232 2145 delatores
1280 2096 1334 2145 et
1377 2093 1469 2162 qui
1509 2093 1710 2146 adfines
1757 2111 1819 2146 ac

145 2166 476 2235 propinquos
533 2183 658 2218 suos
714 2185 898 2218 omnes
954 2167 1161 2219 acerbis
1220 2166 1355 2219 odiis
1414 2170 1821 2236 persequantur,

145 2240 332 2310 pigros
380 2242 434 2291 et
474 2257 659 2292 caecos
698 2241 966 2292 mentibus
1016 2243 1070 2292 et
1118 2240 1312 2308 quibus
1354 2241 1534 2293 omnia
1581 2241 1819 2293 malitiae

147 2331 346 2383 genera
386 2312 743 2366 conferantur.
822 2311 878 2365 Si
918 2331 1043 2366 vero
1083 2315 1418 2383 vespertinus
1462 2315 1519 2367 in
1556 2315 1659 2368 hoc
1698 2316 1817 2368 loco
1839 2316 1906 2368 13

295 2448 318 2485 1
354 2441 613 2499 astralogos
645 2446 689 2485 M
722 2442 1011 2508 austrologos
1042 2448 1075 2485 P
1102 2446 1108 2500 Ι
1137 2443 1351 2500 syderum
1382 2449 1468 2487 ΜΡ
1563 2451 1588 2489 5
1620 2444 1819 2489 hominis

148 2501 267 2554 albis
293 2503 364 2559 (ex
388 2501 546 2544 aluum
570 2503 660 2558 πυ.)
684 2503 742 2559 V]
775 2500 951 2544 homim
984 2501 1165 2545 saluum
1254 2509 1279 2547 6
1313 2503 1394 2560 qui
1425 2505 1507 2548 del.
1534 2520 1561 2547 a
1593 2507 1734 2560 atque
1757 2504 1816 2577 v]

146 2559 408 2617 implicauit
437 2559 752 2617 (implicentur
780 2562 849 2617 V),
882 2574 992 2605 corr.
1025 2576 1054 2603 v
1173 2567 1199 2606 8
1233 2562 1291 2621 81]
1325 2562 1390 2606 816
1421 2568 1458 2605 V
1502 2565 1507 2619 Ι
1555 2562 1619 2606 816
1651 2564 1734 2607 del.
1766 2567 1804 2605 A

151 2623 206 2662 10
240 2619 448 2663 ordinem
477 2624 540 2662 Ra
631 2625 684 2662 12
716 2620 854 2662 Merc.
888 2619 946 2662 ab
979 2619 1154 2664 horosc.
1186 2626 1224 2664 V
1327 2627 1380 2665 13
1414 2621 1612 2665 sermoni
1642 2626 1686 2663 M
1713 2622 1719 2679 Ι
1748 2621 1819 2664 8111

150 2679 231 2722 del.
258 2677 306 2721 A'
342 2678 440 2722 siue
473 2679 726 2723 Mommsen
774 2679 779 2736 Ι
830 2679 934 2722 add.
967 2678 1061 2721 VA'
1185 2685 1239 2724 15
1270 2680 1457 2724 fortuna
1496 2680 1586 2723 sibi
1616 2679 1820 2724 maxima

151 2740 415 2797 comparate
446 2741 579 2780 11³3
670 2741 724 2780 17
755 2739 980 2780 nocturno
1012 2742 1057 2780 Μ
1161 2744 1216 2782 22
1250 2739 1475 2783 constitus
1507 2744 1545 2781 B.
1636 2744 1690 2782 23
1722 2753 1820 2782 ma—

150 2793 394 2852 lignorum,
426 2810 537 2840 corr.
566 2795 614 2838 A‘
708 2801 764 2840 24
797 2796 876 2839 sed
908 2797 991 2840 del.
1023 2812 1051 2839 a
1141 2802 1197 2842 26
1230 2798 1492 2843 delatrones
1523 2802 1567 2840 Μ
1594 2798 1599 2856 Ι
1629 2811 1732 2841 81108
1765 2812 1820 2842 ac

151 2853 432 2910 propinquos
470 2860 508 2897 V
657 2860 711 2898 27
743 2857 1061 2911 persequatur,
1093 2870 1203 2902 corr.
1236 2857 1285 2900 A'
1438 2862 1493 2900 29
1525 2856 1822 2901 conferantur

150 2919 399 2968 suspectum
430 2915 696 2970 competant
727 2915 924 2958 Mueller
