<?xml version="1.0" encoding="UTF-8"?>
<!DOCTYPE html PUBLIC "-//W3C//DTD XHTML 1.0 Transitional//EN"
    "http://www.w3.org/TR/xhtml1/DTD/xhtml1-transitional.dtd">
<html xmlns="http://www.w3.org/1999/xhtml" xml:lang="en" lang="en">
 <head>
  <title>
</title>
<meta http-equiv="Content-Type" content="text/html;charset=utf-8" />
  <meta name='ocr-system' content='tesseract 3.04.00' />
  <meta name='ocr-capabilities' content='ocr_page ocr_carea ocr_par ocr_line ocrx_word'/>
</head>
<body>
  <div class='ocr_page' id='page_1' title='image "./matheseoslibrivi01firmuoft_0078.png"; bbox 0 0 2014 3202; ppageno 0'>
   <div class='ocr_carea' id='block_1_1' title="bbox 213 125 1170 179">
    <p class='ocr_par' dir='ltr' id='par_1_1' title="bbox 213 125 1170 179">
     <span class='ocr_line' id='line_1_1' title="bbox 213 125 1170 179; baseline -0.001 -10"><span class='ocrx_word' id='word_1_1' title='bbox 213 127 283 179; x_wconf 83' lang='grc'><strong>62</strong></span> <span class='ocrx_word' id='word_1_2' title='bbox 940 125 1170 170; x_wconf 85' lang='lat' dir='ltr'>FIRMICI</span> 
     </span>
    </p>
   </div>
   <div class='ocr_carea' id='block_1_2' title="bbox 160 245 2014 2378">
    <p class='ocr_par' dir='ltr' id='par_1_2' title="bbox 213 245 1909 464">
     <span class='ocr_line' id='line_1_2' title="bbox 213 245 1889 317; baseline 0.001 -18"><span class='ocrx_word' id='word_1_3' title='bbox 213 265 407 300; x_wconf 90' lang='lat' dir='ltr'><strong>nomen</strong></span> <span class='ocrx_word' id='word_1_4' title='bbox 442 250 546 314; x_wconf 82' lang='lat' dir='ltr'><strong>est3</strong></span> <span class='ocrx_word' id='word_1_5' title='bbox 580 250 663 299; x_wconf 91' lang='lat' dir='ltr'><strong>est</strong></span> <span class='ocrx_word' id='word_1_6' title='bbox 689 249 870 299; x_wconf 90' lang='lat' dir='ltr'><strong>autem</strong></span> <span class='ocrx_word' id='word_1_7' title='bbox 894 245 1292 316; x_wconf 87' lang='lat' dir='ltr'><strong>peregrinantis</strong></span> <span class='ocrx_word' id='word_1_8' title='bbox 1315 247 1478 299; x_wconf 88' lang='lat' dir='ltr'><strong>locus.</strong></span> <span class='ocrx_word' id='word_1_9' title='bbox 1548 246 1654 300; x_wconf 93' lang='lat' dir='ltr'><strong>Hic</strong></span> <span class='ocrx_word' id='word_1_10' title='bbox 1682 248 1889 317; x_wconf 88' lang='lat' dir='ltr'><strong>primus</strong></span> 
     </span>
     <span class='ocr_line' id='line_1_3' title="bbox 215 319 1909 391; baseline 0.001 -18"><span class='ocrx_word' id='word_1_11' title='bbox 215 338 336 373; x_wconf 92' lang='lat' dir='ltr'><strong>cum</strong></span> <span class='ocrx_word' id='word_1_12' title='bbox 374 319 676 389; x_wconf 91' lang='lat' dir='ltr'><strong>horoscopo</strong></span> <span class='ocrx_word' id='word_1_13' title='bbox 719 320 869 372; x_wconf 90' lang='lat' dir='ltr'><strong>tenui</strong></span> <span class='ocrx_word' id='word_1_14' title='bbox 908 321 1166 374; x_wconf 89' lang='lat' dir='ltr'><strong>societate</strong></span> <span class='ocrx_word' id='word_1_15' title='bbox 1211 321 1580 390; x_wconf 79' lang='lat' dir='ltr'><strong>coniungitur3</strong></span> <span class='ocrx_word' id='word_1_16' title='bbox 1626 322 1909 391; x_wconf 59' lang='lat' dir='ltr'><strong>respicere&gt;</strong></span> 
     </span>
     <span class='ocr_line' id='line_1_4' title="bbox 215 394 1409 464; baseline -0.001 -17"><span class='ocrx_word' id='word_1_17' title='bbox 215 394 358 447; x_wconf 91' lang='lat' dir='ltr'><strong>enim</strong></span> <span class='ocrx_word' id='word_1_18' title='bbox 396 394 758 463; x_wconf 85' lang='lat' dir='ltr'><strong>horoscopum</strong></span> <span class='ocrx_word' id='word_1_19' title='bbox 798 394 861 446; x_wconf 91' lang='lat' dir='ltr'><strong>de</strong></span> <span class='ocrx_word' id='word_1_20' title='bbox 901 412 1142 464; x_wconf 84' lang='lat' dir='ltr'><strong>exagono</strong></span> <span class='ocrx_word' id='word_1_21' title='bbox 1182 394 1409 447; x_wconf 84' lang='lat' dir='ltr'><strong>videtur.</strong></span> 
     </span>
    </p>

    <p class='ocr_par' dir='ltr' id='par_1_3' title="bbox 160 465 1957 1272">
     <span class='ocr_line' id='line_1_5' title="bbox 160 465 1887 538; baseline 0.002 -19"><span class='ocrx_word' id='word_1_22' title='bbox 160 468 194 519; x_wconf 86' lang='lat'>5</span> <span class='ocrx_word' id='word_1_23' title='bbox 363 467 598 530; x_wconf 75' lang='lat' dir='ltr'>Quartus</span> <span class='ocrx_word' id='word_1_24' title='bbox 633 468 699 519; x_wconf 90' lang='lat' dir='ltr'><strong>ab</strong></span> <span class='ocrx_word' id='word_1_25' title='bbox 731 467 1034 536; x_wconf 90' lang='lat' dir='ltr'><strong>horoscopo</strong></span> <span class='ocrx_word' id='word_1_26' title='bbox 1066 468 1217 521; x_wconf 87' lang='lat' dir='ltr'><strong>locus</strong></span> <span class='ocrx_word' id='word_1_27' title='bbox 1250 468 1304 520; x_wconf 91' lang='lat' dir='ltr'><strong>id</strong></span> <span class='ocrx_word' id='word_1_28' title='bbox 1336 471 1419 521; x_wconf 91' lang='lat' dir='ltr'><strong>est</strong></span> <span class='ocrx_word' id='word_1_29' title='bbox 1444 465 1586 521; x_wconf 82' lang='lat' dir='ltr'><strong>IMC.</strong></span> <span class='ocrx_word' id='word_1_30' title='bbox 1611 468 1668 520; x_wconf 90' lang='lat' dir='ltr'><strong>in</strong></span> <span class='ocrx_word' id='word_1_31' title='bbox 1695 473 1887 538; x_wconf 90' lang='lat' dir='ltr'><strong>quarto</strong></span> 
     </span>
     <span class='ocr_line' id='line_1_6' title="bbox 212 540 1957 611; baseline 0.001 -18"><span class='ocrx_word' id='word_1_32' title='bbox 212 542 279 593; x_wconf 87' lang='lat' dir='ltr'><strong>ab</strong></span> <span class='ocrx_word' id='word_1_33' title='bbox 310 540 614 609; x_wconf 86' lang='lat' dir='ltr'><strong>horoscopo</strong></span> <span class='ocrx_word' id='word_1_34' title='bbox 648 541 805 610; x_wconf 84' lang='lat' dir='ltr'><strong>signo</strong></span> <span class='ocrx_word' id='word_1_35' title='bbox 838 542 1207 608; x_wconf 73' lang='lat' dir='ltr'><strong>constituitur,</strong></span> <span class='ocrx_word' id='word_1_36' title='bbox 1239 541 1389 594; x_wconf 90' lang='lat' dir='ltr'><strong>cuius</strong></span> <span class='ocrx_word' id='word_1_37' title='bbox 1420 541 1638 594; x_wconf 90' lang='lat' dir='ltr'><strong>initium</strong></span> <span class='ocrx_word' id='word_1_38' title='bbox 1671 561 1700 594; x_wconf 90' lang='lat' dir='ltr'><strong>a</strong></span> <span class='ocrx_word' id='word_1_39' title='bbox 1731 545 1886 611; x_wconf 89' lang='lat' dir='ltr'><strong>parte</strong></span> <span class='ocrx_word' id='word_1_40' title='bbox 1935 562 1957 594; x_wconf 87' lang='lat'><strong>5</strong></span> 
     </span>
     <span class='ocr_line' id='line_1_7' title="bbox 210 612 1887 684; baseline 0.001 -17"><span class='ocrx_word' id='word_1_41' title='bbox 210 612 322 667; x_wconf 83' lang='lat' dir='ltr'><strong>XC.</strong></span> <span class='ocrx_word' id='word_1_42' title='bbox 361 615 664 683; x_wconf 87' lang='lat' dir='ltr'><strong>profectum</strong></span> <span class='ocrx_word' id='word_1_43' title='bbox 703 633 872 683; x_wconf 88' lang='lat' dir='ltr'><strong>usque</strong></span> <span class='ocrx_word' id='word_1_44' title='bbox 912 616 978 667; x_wconf 86' lang='lat' dir='ltr'><strong>ad</strong></span> <span class='ocrx_word' id='word_1_45' title='bbox 1015 618 1226 684; x_wconf 89' lang='lat' dir='ltr'><strong>partem</strong></span> <span class='ocrx_word' id='word_1_46' title='bbox 1262 613 1421 667; x_wconf 86' lang='lat' dir='ltr'>CXX.</span> <span class='ocrx_word' id='word_1_47' title='bbox 1454 616 1714 684; x_wconf 89' lang='lat' dir='ltr'><strong>pervenit.</strong></span> <span class='ocrx_word' id='word_1_48' title='bbox 1782 615 1887 669; x_wconf 90' lang='lat' dir='ltr'><strong>Hic</strong></span> 
     </span>
     <span class='ocr_line' id='line_1_8' title="bbox 210 688 1887 757; baseline 0.001 -17"><span class='ocrx_word' id='word_1_49' title='bbox 210 689 360 741; x_wconf 88' lang='lat' dir='ltr'><strong>locus</strong></span> <span class='ocrx_word' id='word_1_50' title='bbox 420 689 656 741; x_wconf 85' lang='lat' dir='ltr'><strong>ostendit</strong></span> <span class='ocrx_word' id='word_1_51' title='bbox 701 688 859 741; x_wconf 90' lang='lat' dir='ltr'><strong>nobis</strong></span> <span class='ocrx_word' id='word_1_52' title='bbox 906 692 1153 757; x_wconf 88' lang='lat' dir='ltr'><strong>parentes</strong></span> <span class='ocrx_word' id='word_1_53' title='bbox 1201 689 1588 757; x_wconf 87' lang='lat' dir='ltr'><strong>patrimonium</strong></span> <span class='ocrx_word' id='word_1_54' title='bbox 1639 690 1887 742; x_wconf 89' lang='lat' dir='ltr'><strong>substan-</strong></span> 
     </span>
     <span class='ocr_line' id='line_1_9' title="bbox 210 761 1886 832; baseline 0 -18"><span class='ocrx_word' id='word_1_55' title='bbox 210 761 344 814; x_wconf 85' lang='lat' dir='ltr'><strong>tiam</strong></span> <span class='ocrx_word' id='word_1_56' title='bbox 382 762 731 815; x_wconf 89' lang='lat' dir='ltr'><strong>fundamenta</strong></span> <span class='ocrx_word' id='word_1_57' title='bbox 769 761 1013 832; x_wconf 84' lang='lat' dir='ltr'><strong>mobilia,</strong></span> <span class='ocrx_word' id='word_1_58' title='bbox 1061 766 1117 815; x_wconf 91' lang='lat' dir='ltr'><strong>et</strong></span> <span class='ocrx_word' id='word_1_59' title='bbox 1157 762 1412 830; x_wconf 87' lang='lat' dir='ltr'><strong>quicquid</strong></span> <span class='ocrx_word' id='word_1_60' title='bbox 1452 762 1519 815; x_wconf 86' lang='lat' dir='ltr'><strong>ad</strong></span> <span class='ocrx_word' id='word_1_61' title='bbox 1557 763 1790 816; x_wconf 89' lang='lat' dir='ltr'><strong>latentes</strong></span> <span class='ocrx_word' id='word_1_62' title='bbox 1831 766 1886 815; x_wconf 93' lang='lat' dir='ltr'><strong>et</strong></span> 
     </span>
     <span class='ocr_line' id='line_1_10' title="bbox 211 834 1885 905; baseline 0.001 -17"><span class='ocrx_word' id='word_1_63' title='bbox 211 837 476 904; x_wconf 87' lang='lat' dir='ltr'><strong>repositas</strong></span> <span class='ocrx_word' id='word_1_64' title='bbox 521 834 835 905; x_wconf 86' lang='lat' dir='ltr'><strong>patrimonii</strong></span> <span class='ocrx_word' id='word_1_65' title='bbox 880 835 1118 904; x_wconf 83' lang='lat' dir='ltr'><strong>pertinet</strong></span> <span class='ocrx_word' id='word_1_66' title='bbox 1166 835 1470 889; x_wconf 82' lang='lat' dir='ltr'><strong>facultates.</strong></span> <span class='ocrx_word' id='word_1_67' title='bbox 1547 835 1652 888; x_wconf 87' lang='lat' dir='ltr'><strong>Est</strong></span> <span class='ocrx_word' id='word_1_68' title='bbox 1706 848 1885 889; x_wconf 89' lang='lat' dir='ltr'><strong>autem</strong></span> 
     </span>
     <span class='ocr_line' id='line_1_11' title="bbox 209 909 1954 979; baseline 0 -18"><span class='ocrx_word' id='word_1_69' title='bbox 209 909 297 962; x_wconf 92' lang='lat' dir='ltr'><strong>hic</strong></span> <span class='ocrx_word' id='word_1_70' title='bbox 329 910 609 979; x_wconf 85' lang='lat' dir='ltr'><strong>geniturae</strong></span> <span class='ocrx_word' id='word_1_71' title='bbox 643 910 819 978; x_wconf 86' lang='lat' dir='ltr'><strong>card0‚</strong></span> <span class='ocrx_word' id='word_1_72' title='bbox 854 910 1024 961; x_wconf 90' lang='lat' dir='ltr'><strong>imum</strong></span> <span class='ocrx_word' id='word_1_73' title='bbox 1057 910 1263 963; x_wconf 89' lang='lat' dir='ltr'><strong>caelum</strong></span> <span class='ocrx_word' id='word_1_74' title='bbox 1303 913 1485 963; x_wconf 87' lang='lat' dir='ltr'><strong>autem</strong></span> <span class='ocrx_word' id='word_1_75' title='bbox 1520 909 1639 962; x_wconf 90' lang='lat' dir='ltr'><strong>ideo</strong></span> <span class='ocrx_word' id='word_1_76' title='bbox 1673 909 1885 978; x_wconf 83' lang='lat' dir='ltr'><strong>dicitur,</strong></span> <span class='ocrx_word' id='word_1_77' title='bbox 1909 930 1954 962; x_wconf 75' lang='grc' dir='ltr'><strong>ιο</strong></span> 
     </span>
     <span class='ocr_line' id='line_1_12' title="bbox 211 982 1887 1053; baseline 0.001 -18"><span class='ocrx_word' id='word_1_78' title='bbox 211 983 353 1053; x_wconf 91' lang='lat' dir='ltr'><strong>quod</strong></span> <span class='ocrx_word' id='word_1_79' title='bbox 383 983 440 1035; x_wconf 91' lang='lat' dir='ltr'><strong>in</strong></span> <span class='ocrx_word' id='word_1_80' title='bbox 471 983 734 1036; x_wconf 88' lang='lat' dir='ltr'><strong>diametro</strong></span> <span class='ocrx_word' id='word_1_81' title='bbox 759 982 876 1037; x_wconf 77' lang='lat' dir='ltr'><strong>MC.</strong></span> <span class='ocrx_word' id='word_1_82' title='bbox 902 982 1267 1036; x_wconf 82' lang='lat' dir='ltr'><strong>constituitur.</strong></span> <span class='ocrx_word' id='word_1_83' title='bbox 1335 982 1438 1036; x_wconf 87' lang='lat' dir='ltr'><strong>Sed</strong></span> <span class='ocrx_word' id='word_1_84' title='bbox 1468 982 1557 1036; x_wconf 91' lang='lat' dir='ltr'><strong>hic</strong></span> <span class='ocrx_word' id='word_1_85' title='bbox 1581 983 1731 1036; x_wconf 88' lang='lat' dir='ltr'><strong>locus</strong></span> <span class='ocrx_word' id='word_1_86' title='bbox 1766 1002 1887 1037; x_wconf 90' lang='lat' dir='ltr'><strong>cum</strong></span> 
     </span>
     <span class='ocr_line' id='line_1_13' title="bbox 208 1057 1887 1126; baseline 0.001 -17"><span class='ocrx_word' id='word_1_87' title='bbox 208 1057 511 1125; x_wconf 89' lang='lat' dir='ltr'><strong>horoscopo</strong></span> <span class='ocrx_word' id='word_1_88' title='bbox 550 1057 784 1109; x_wconf 90' lang='lat' dir='ltr'><strong>maxima</strong></span> <span class='ocrx_word' id='word_1_89' title='bbox 817 1058 1074 1110; x_wconf 89' lang='lat' dir='ltr'><strong>societate</strong></span> <span class='ocrx_word' id='word_1_90' title='bbox 1107 1057 1468 1126; x_wconf 85' lang='lat' dir='ltr'><strong>coniungitur,</strong></span> <span class='ocrx_word' id='word_1_91' title='bbox 1508 1058 1633 1125; x_wconf 90' lang='lat' dir='ltr'><strong>quia</strong></span> <span class='ocrx_word' id='word_1_92' title='bbox 1665 1058 1729 1110; x_wconf 91' lang='lat' dir='ltr'><strong>de</strong></span> <span class='ocrx_word' id='word_1_93' title='bbox 1763 1076 1887 1126; x_wconf 91' lang='lat' dir='ltr'><strong>qua-</strong></span> 
     </span>
     <span class='ocr_line' id='line_1_14' title="bbox 211 1130 1889 1199; baseline 0.001 -17"><span class='ocrx_word' id='word_1_94' title='bbox 211 1131 366 1183; x_wconf 88' lang='lat' dir='ltr'><strong>drato</strong></span> <span class='ocrx_word' id='word_1_95' title='bbox 405 1130 767 1199; x_wconf 88' lang='lat' dir='ltr'><strong>horoscopum</strong></span> <span class='ocrx_word' id='word_1_96' title='bbox 806 1130 1025 1199; x_wconf 90' lang='lat' dir='ltr'><strong>respicit</strong></span> <span class='ocrx_word' id='word_1_97' title='bbox 1064 1135 1119 1182; x_wconf 91' lang='lat' dir='ltr'><strong>et</strong></span> <span class='ocrx_word' id='word_1_98' title='bbox 1150 1148 1247 1198; x_wconf 90' lang='lat' dir='ltr'><strong>per</strong></span> <span class='ocrx_word' id='word_1_99' title='bbox 1279 1130 1601 1198; x_wconf 88' lang='lat' dir='ltr'><strong>quadratum</strong></span> <span class='ocrx_word' id='word_1_100' title='bbox 1633 1131 1699 1183; x_wconf 91' lang='lat' dir='ltr'><strong>ab</strong></span> <span class='ocrx_word' id='word_1_101' title='bbox 1731 1131 1889 1184; x_wconf 88' lang='lat' dir='ltr'><strong>horo-</strong></span> 
     </span>
     <span class='ocr_line' id='line_1_15' title="bbox 211 1204 639 1272; baseline 0 -16"><span class='ocrx_word' id='word_1_102' title='bbox 211 1222 374 1272; x_wconf 91' lang='lat' dir='ltr'><strong>scopo</strong></span> <span class='ocrx_word' id='word_1_103' title='bbox 415 1204 639 1256; x_wconf 86' lang='lat' dir='ltr'><strong>videtur.</strong></span> 
     </span>
    </p>

    <p class='ocr_par' dir='ltr' id='par_1_4' title="bbox 161 1276 2014 2010">
     <span class='ocr_line' id='line_1_16' title="bbox 161 1276 1955 1347; baseline 0.001 -17"><span class='ocrx_word' id='word_1_104' title='bbox 161 1278 193 1330; x_wconf 83' lang='lat'>6</span> <span class='ocrx_word' id='word_1_105' title='bbox 360 1277 591 1340; x_wconf 82' lang='lat' dir='ltr'><strong>Quintus</strong></span> <span class='ocrx_word' id='word_1_106' title='bbox 633 1278 699 1331; x_wconf 91' lang='lat' dir='ltr'><strong>ab</strong></span> <span class='ocrx_word' id='word_1_107' title='bbox 738 1278 1040 1346; x_wconf 88' lang='lat' dir='ltr'><strong>horoscopo</strong></span> <span class='ocrx_word' id='word_1_108' title='bbox 1079 1278 1230 1330; x_wconf 88' lang='lat' dir='ltr'><strong>locus</strong></span> <span class='ocrx_word' id='word_1_109' title='bbox 1275 1277 1333 1330; x_wconf 92' lang='lat' dir='ltr'><strong>in</strong></span> <span class='ocrx_word' id='word_1_110' title='bbox 1376 1276 1437 1329; x_wconf 88' lang='lat' dir='ltr'><strong>V.</strong></span> <span class='ocrx_word' id='word_1_111' title='bbox 1478 1278 1545 1330; x_wconf 91' lang='lat' dir='ltr'><strong>ab</strong></span> <span class='ocrx_word' id='word_1_112' title='bbox 1585 1278 1886 1347; x_wconf 86' lang='lat' dir='ltr'><strong>horoscopo</strong></span> <span class='ocrx_word' id='word_1_113' title='bbox 1913 1298 1955 1331; x_wconf 87' lang='lat'><strong>15</strong></span> 
     </span>
     <span class='ocr_line' id='line_1_17' title="bbox 211 1350 2014 1436; baseline 0 -32"><span class='ocrx_word' id='word_1_114' title='bbox 211 1352 368 1422; x_wconf 84' lang='lat' dir='ltr'><strong>signo</strong></span> <span class='ocrx_word' id='word_1_115' title='bbox 418 1352 792 1420; x_wconf 87' lang='lat' dir='ltr'><strong>constituitur,</strong></span> <span class='ocrx_word' id='word_1_116' title='bbox 840 1352 933 1420; x_wconf 92' lang='lat' dir='ltr'><strong>qui</strong></span> <span class='ocrx_word' id='word_1_117' title='bbox 979 1370 1010 1404; x_wconf 93' lang='lat' dir='ltr'><strong>a</strong></span> <span class='ocrx_word' id='word_1_118' title='bbox 1049 1350 1240 1405; x_wconf 84' lang='lat' dir='ltr'><strong>CXXI.</strong></span> <span class='ocrx_word' id='word_1_119' title='bbox 1279 1352 1346 1404; x_wconf 92' lang='lat' dir='ltr'><strong>ab</strong></span> <span class='ocrx_word' id='word_1_120' title='bbox 1385 1351 1688 1420; x_wconf 91' lang='lat' dir='ltr'><strong>horoscopo</strong></span> <span class='ocrx_word' id='word_1_121' title='bbox 1734 1355 1887 1419; x_wconf 85' lang='lat' dir='ltr'><strong>parte</strong></span> <span class='ocrx_word' id='word_1_122' title='bbox 2013 1382 2014 1436; x_wconf 27' lang='grc' dir='ltr'>ἦ</span> 
     </span>
     <span class='ocr_line' id='line_1_18' title="bbox 210 1422 2014 1494; baseline 0 -17"><span class='ocrx_word' id='word_1_123' title='bbox 210 1426 427 1477; x_wconf 89' lang='lat' dir='ltr'><strong>initium</strong></span> <span class='ocrx_word' id='word_1_124' title='bbox 482 1426 748 1494; x_wconf 90' lang='lat' dir='ltr'><strong>accipiens</strong></span> <span class='ocrx_word' id='word_1_125' title='bbox 803 1444 974 1494; x_wconf 92' lang='lat' dir='ltr'><strong>usque</strong></span> <span class='ocrx_word' id='word_1_126' title='bbox 1028 1426 1095 1477; x_wconf 90' lang='lat' dir='ltr'><strong>ad</strong></span> <span class='ocrx_word' id='word_1_127' title='bbox 1143 1422 1243 1477; x_wconf 83' lang='lat' dir='ltr'><strong>GL.</strong></span> <span class='ocrx_word' id='word_1_128' title='bbox 1298 1428 1510 1493; x_wconf 89' lang='lat' dir='ltr'><strong>partem</strong></span> <span class='ocrx_word' id='word_1_129' title='bbox 1565 1425 1886 1478; x_wconf 88' lang='lat' dir='ltr'><strong>extenditur.</strong></span> <span class='ocrx_word' id='word_1_130' title='bbox 2013 1437 2014 1493; x_wconf 48' lang='grc'>1</span> 
     </span>
     <span class='ocr_line' id='line_1_19' title="bbox 210 1498 1885 1567; baseline -0.001 -16"><span class='ocrx_word' id='word_1_131' title='bbox 210 1498 295 1551; x_wconf 85' lang='lat' dir='ltr'><strong>Ex</strong></span> <span class='ocrx_word' id='word_1_132' title='bbox 331 1498 436 1551; x_wconf 93' lang='lat' dir='ltr'><strong>hoc</strong></span> <span class='ocrx_word' id='word_1_133' title='bbox 473 1498 593 1552; x_wconf 87' lang='lat' dir='ltr'><strong>loco</strong></span> <span class='ocrx_word' id='word_1_134' title='bbox 624 1499 859 1551; x_wconf 90' lang='lat' dir='ltr'><strong>filiorum</strong></span> <span class='ocrx_word' id='word_1_135' title='bbox 897 1517 1151 1551; x_wconf 89' lang='lat' dir='ltr'><strong>numerus</strong></span> <span class='ocrx_word' id='word_1_136' title='bbox 1191 1502 1246 1550; x_wconf 93' lang='lat' dir='ltr'><strong>et</strong></span> <span class='ocrx_word' id='word_1_137' title='bbox 1285 1499 1496 1567; x_wconf 86' lang='lat' dir='ltr'><strong>generis</strong></span> <span class='ocrx_word' id='word_1_138' title='bbox 1538 1498 1769 1567; x_wconf 88' lang='lat' dir='ltr'><strong>qualitas</strong></span> <span class='ocrx_word' id='word_1_139' title='bbox 1808 1499 1885 1551; x_wconf 91' lang='lat' dir='ltr'><strong>in-</strong></span> 
     </span>
     <span class='ocr_line' id='line_1_20' title="bbox 210 1571 1884 1641; baseline 0 -17"><span class='ocrx_word' id='word_1_140' title='bbox 210 1572 437 1625; x_wconf 82' lang='lat' dir='ltr'><strong>venitur.</strong></span> <span class='ocrx_word' id='word_1_141' title='bbox 514 1573 838 1641; x_wconf 91' lang='lat' dir='ltr'><strong>Appellatur</strong></span> <span class='ocrx_word' id='word_1_142' title='bbox 878 1577 1058 1624; x_wconf 91' lang='lat' dir='ltr'><strong>autem</strong></span> <span class='ocrx_word' id='word_1_143' title='bbox 1095 1571 1250 1624; x_wconf 88' lang='lat' dir='ltr'><strong>Bona</strong></span> <span class='ocrx_word' id='word_1_144' title='bbox 1287 1572 1528 1640; x_wconf 88' lang='lat' dir='ltr'><strong>fortuna,</strong></span> <span class='ocrx_word' id='word_1_145' title='bbox 1569 1572 1695 1640; x_wconf 88' lang='lat' dir='ltr'><strong>quia</strong></span> <span class='ocrx_word' id='word_1_146' title='bbox 1733 1575 1884 1625; x_wconf 92' lang='lat' dir='ltr'><strong>locus</strong></span> 
     </span>
     <span class='ocr_line' id='line_1_21' title="bbox 211 1644 1952 1714; baseline 0 -16"><span class='ocrx_word' id='word_1_147' title='bbox 211 1650 295 1698; x_wconf 89' lang='lat' dir='ltr'><strong>est</strong></span> <span class='ocrx_word' id='word_1_148' title='bbox 326 1645 567 1698; x_wconf 87' lang='lat' dir='ltr'><strong>Veneris.</strong></span> <span class='ocrx_word' id='word_1_149' title='bbox 631 1644 735 1698; x_wconf 84' lang='lat' dir='ltr'><strong>Sed</strong></span> <span class='ocrx_word' id='word_1_150' title='bbox 767 1649 822 1698; x_wconf 91' lang='lat' dir='ltr'><strong>et</strong></span> <span class='ocrx_word' id='word_1_151' title='bbox 851 1646 941 1698; x_wconf 89' lang='lat' dir='ltr'><strong>hic</strong></span> <span class='ocrx_word' id='word_1_152' title='bbox 971 1645 1123 1698; x_wconf 92' lang='lat' dir='ltr'><strong>locus</strong></span> <span class='ocrx_word' id='word_1_153' title='bbox 1163 1663 1284 1697; x_wconf 93' lang='lat' dir='ltr'><strong>cum</strong></span> <span class='ocrx_word' id='word_1_154' title='bbox 1315 1645 1616 1714; x_wconf 89' lang='lat' dir='ltr'><strong>horoscopo</strong></span> <span class='ocrx_word' id='word_1_155' title='bbox 1649 1645 1883 1698; x_wconf 87' lang='lat' dir='ltr'><strong>maxima</strong></span> <span class='ocrx_word' id='word_1_156' title='bbox 1909 1667 1952 1698; x_wconf 81' lang='lat'><strong>20</strong></span> 
     </span>
     <span class='ocr_line' id='line_1_22' title="bbox 212 1717 1883 1790; baseline -0.001 -18"><span class='ocrx_word' id='word_1_157' title='bbox 212 1719 470 1772; x_wconf 84' lang='lat' dir='ltr'><strong>societate</strong></span> <span class='ocrx_word' id='word_1_158' title='bbox 511 1719 855 1790; x_wconf 86' lang='lat' dir='ltr'><strong>coniungitur</strong></span> <span class='ocrx_word' id='word_1_159' title='bbox 900 1723 955 1771; x_wconf 92' lang='lat' dir='ltr'><strong>et</strong></span> <span class='ocrx_word' id='word_1_160' title='bbox 997 1718 1268 1771; x_wconf 89' lang='lat' dir='ltr'><strong>interdum</strong></span> <span class='ocrx_word' id='word_1_161' title='bbox 1314 1718 1371 1770; x_wconf 88' lang='lat' dir='ltr'><strong>in</strong></span> <span class='ocrx_word' id='word_1_162' title='bbox 1412 1717 1673 1771; x_wconf 92' lang='lat' dir='ltr'><strong>diametro</strong></span> <span class='ocrx_word' id='word_1_163' title='bbox 1723 1718 1883 1771; x_wconf 90' lang='lat' dir='ltr'><strong>huius</strong></span> 
     </span>
     <span class='ocr_line' id='line_1_23' title="bbox 212 1791 1883 1863; baseline -0.001 -18"><span class='ocrx_word' id='word_1_164' title='bbox 212 1793 354 1863; x_wconf 86' lang='lat' dir='ltr'><strong>signi</strong></span> <span class='ocrx_word' id='word_1_165' title='bbox 393 1792 509 1846; x_wconf 79' lang='lat' dir='ltr'><strong>MC.</strong></span> <span class='ocrx_word' id='word_1_166' title='bbox 548 1811 673 1862; x_wconf 89' lang='lat' dir='ltr'><strong>pars</strong></span> <span class='ocrx_word' id='word_1_167' title='bbox 718 1793 1082 1846; x_wconf 89' lang='lat' dir='ltr'><strong>constituitur.</strong></span> <span class='ocrx_word' id='word_1_168' title='bbox 1159 1791 1285 1844; x_wconf 91' lang='lat' dir='ltr'><strong>Ideo</strong></span> <span class='ocrx_word' id='word_1_169' title='bbox 1332 1795 1514 1844; x_wconf 88' lang='lat' dir='ltr'><strong>autem</strong></span> <span class='ocrx_word' id='word_1_170' title='bbox 1560 1809 1682 1845; x_wconf 88' lang='lat' dir='ltr'><strong>cum</strong></span> <span class='ocrx_word' id='word_1_171' title='bbox 1727 1793 1883 1845; x_wconf 91' lang='lat' dir='ltr'><strong>horo·</strong></span> 
     </span>
     <span class='ocr_line' id='line_1_24' title="bbox 211 1865 1880 1935; baseline -0.001 -16"><span class='ocrx_word' id='word_1_172' title='bbox 211 1885 374 1935; x_wconf 88' lang='lat' dir='ltr'><strong>scopo</strong></span> <span class='ocrx_word' id='word_1_173' title='bbox 407 1867 641 1919; x_wconf 87' lang='lat' dir='ltr'><strong>maxima</strong></span> <span class='ocrx_word' id='word_1_174' title='bbox 671 1866 1044 1920; x_wconf 89' lang='lat' dir='ltr'><strong>coniunctione</strong></span> <span class='ocrx_word' id='word_1_175' title='bbox 1077 1866 1327 1933; x_wconf 88' lang='lat' dir='ltr'><strong>sociatur,</strong></span> <span class='ocrx_word' id='word_1_176' title='bbox 1364 1865 1489 1934; x_wconf 90' lang='lat' dir='ltr'><strong>quia</strong></span> <span class='ocrx_word' id='word_1_177' title='bbox 1518 1865 1880 1935; x_wconf 90' lang='lat' dir='ltr'><strong>horoscopum</strong></span> 
     </span>
     <span class='ocr_line' id='line_1_25' title="bbox 211 1939 1880 2010; baseline 0 -18"><span class='ocrx_word' id='word_1_178' title='bbox 211 1940 311 2008; x_wconf 84' lang='lat' dir='ltr'><strong>&lt;de</strong></span> <span class='ocrx_word' id='word_1_179' title='bbox 337 1940 553 2010; x_wconf 85' lang='lat' dir='ltr'><strong>trigono</strong></span> <span class='ocrx_word' id='word_1_180' title='bbox 577 1940 798 2009; x_wconf 88' lang='lat' dir='ltr'><strong>respicit</strong></span> <span class='ocrx_word' id='word_1_181' title='bbox 823 1941 913 2007; x_wconf 89' lang='lat' dir='ltr'><strong>et&gt;</strong></span> <span class='ocrx_word' id='word_1_182' title='bbox 932 1941 994 1992; x_wconf 91' lang='lat' dir='ltr'><strong>de</strong></span> <span class='ocrx_word' id='word_1_183' title='bbox 1011 1940 1227 2009; x_wconf 86' lang='lat' dir='ltr'><strong>trigono</strong></span> <span class='ocrx_word' id='word_1_184' title='bbox 1247 1940 1312 1991; x_wconf 89' lang='lat' dir='ltr'><strong>ab</strong></span> <span class='ocrx_word' id='word_1_185' title='bbox 1330 1939 1631 2008; x_wconf 89' lang='lat' dir='ltr'><strong>horoscopo</strong></span> <span class='ocrx_word' id='word_1_186' title='bbox 1654 1941 1880 1992; x_wconf 83' lang='lat' dir='ltr'><strong>videtur.</strong></span> 
     </span>
    </p>

    <p class='ocr_par' dir='ltr' id='par_1_5' title="bbox 164 2013 1952 2378">
     <span class='ocr_line' id='line_1_26' title="bbox 164 2013 1952 2082; baseline 0.001 -16"><span class='ocrx_word' id='word_1_187' title='bbox 164 2016 190 2066; x_wconf 81' lang='lat'>7</span> <span class='ocrx_word' id='word_1_188' title='bbox 361 2013 552 2067; x_wconf 83' lang='lat' dir='ltr'><strong>Sextus</strong></span> <span class='ocrx_word' id='word_1_189' title='bbox 599 2015 749 2067; x_wconf 91' lang='lat' dir='ltr'><strong>locus</strong></span> <span class='ocrx_word' id='word_1_190' title='bbox 796 2013 854 2066; x_wconf 93' lang='lat' dir='ltr'><strong>in</strong></span> <span class='ocrx_word' id='word_1_191' title='bbox 894 2013 984 2065; x_wconf 91' lang='lat' dir='ltr'><strong>VI.</strong></span> <span class='ocrx_word' id='word_1_192' title='bbox 1029 2014 1096 2066; x_wconf 89' lang='lat' dir='ltr'><strong>ab</strong></span> <span class='ocrx_word' id='word_1_193' title='bbox 1135 2013 1436 2080; x_wconf 92' lang='lat' dir='ltr'><strong>horoscopo</strong></span> <span class='ocrx_word' id='word_1_194' title='bbox 1486 2013 1642 2082; x_wconf 84' lang='lat' dir='ltr'><strong>signo</strong></span> <span class='ocrx_word' id='word_1_195' title='bbox 1691 2014 1885 2066; x_wconf 88' lang='lat' dir='ltr'><strong>consti·</strong></span> <span class='ocrx_word' id='word_1_196' title='bbox 1910 2036 1952 2067; x_wconf 83' lang='lat'><strong>25</strong></span> 
     </span>
     <span class='ocr_line' id='line_1_27' title="bbox 212 2085 1884 2156; baseline -0.001 -17"><span class='ocrx_word' id='word_1_197' title='bbox 212 2088 408 2156; x_wconf 84' lang='lat' dir='ltr'><strong>tuitur3</strong></span> <span class='ocrx_word' id='word_1_198' title='bbox 455 2087 547 2156; x_wconf 92' lang='lat' dir='ltr'><strong>qui</strong></span> <span class='ocrx_word' id='word_1_199' title='bbox 595 2106 626 2140; x_wconf 88' lang='lat' dir='ltr'><strong>a</strong></span> <span class='ocrx_word' id='word_1_200' title='bbox 673 2087 778 2141; x_wconf 83' lang='lat' dir='ltr'><strong>GL.</strong></span> <span class='ocrx_word' id='word_1_201' title='bbox 824 2091 977 2156; x_wconf 91' lang='lat' dir='ltr'><strong>parte</strong></span> <span class='ocrx_word' id='word_1_202' title='bbox 1022 2085 1310 2154; x_wconf 92' lang='lat' dir='ltr'><strong>horoscopi</strong></span> <span class='ocrx_word' id='word_1_203' title='bbox 1355 2086 1573 2138; x_wconf 89' lang='lat' dir='ltr'><strong>initium</strong></span> <span class='ocrx_word' id='word_1_204' title='bbox 1621 2087 1884 2155; x_wconf 88' lang='lat' dir='ltr'><strong>accipiens</strong></span> 
     </span>
     <span class='ocr_line' id='line_1_28' title="bbox 211 2158 1885 2229; baseline -0.001 -16"><span class='ocrx_word' id='word_1_205' title='bbox 211 2179 379 2229; x_wconf 88' lang='lat' dir='ltr'><strong>usque</strong></span> <span class='ocrx_word' id='word_1_206' title='bbox 421 2163 486 2213; x_wconf 92' lang='lat' dir='ltr'><strong>ad</strong></span> <span class='ocrx_word' id='word_1_207' title='bbox 527 2160 785 2215; x_wconf 86' lang='lat' dir='ltr'><strong>CLXXX.</strong></span> <span class='ocrx_word' id='word_1_208' title='bbox 827 2161 1146 2228; x_wconf 87' lang='lat' dir='ltr'><strong>extenditur.</strong></span> <span class='ocrx_word' id='word_1_209' title='bbox 1221 2158 1285 2211; x_wconf 92' lang='lat' dir='ltr'><strong>In</strong></span> <span class='ocrx_word' id='word_1_210' title='bbox 1322 2159 1426 2212; x_wconf 91' lang='lat' dir='ltr'><strong>hoc</strong></span> <span class='ocrx_word' id='word_1_211' title='bbox 1466 2160 1621 2229; x_wconf 86' lang='lat' dir='ltr'><strong>signo</strong></span> <span class='ocrx_word' id='word_1_212' title='bbox 1670 2179 1885 2213; x_wconf 91' lang='lat' dir='ltr'><strong>causam</strong></span> 
     </span>
     <span class='ocr_line' id='line_1_29' title="bbox 213 2233 1884 2294; baseline 0 -9"><span class='ocrx_word' id='word_1_213' title='bbox 213 2234 328 2286; x_wconf 85' lang='lat' dir='ltr'><strong>vitii</strong></span> <span class='ocrx_word' id='word_1_214' title='bbox 370 2253 431 2287; x_wconf 93' lang='lat' dir='ltr'><strong>ac</strong></span> <span class='ocrx_word' id='word_1_215' title='bbox 469 2235 784 2287; x_wconf 85' lang='lat' dir='ltr'><strong>valitudinis</strong></span> <span class='ocrx_word' id='word_1_216' title='bbox 831 2235 1177 2287; x_wconf 87' lang='lat' dir='ltr'><strong>inveniemus.</strong></span> <span class='ocrx_word' id='word_1_217' title='bbox 1257 2233 1360 2294; x_wconf 84' lang='lat' dir='ltr'><strong>Qui</strong></span> <span class='ocrx_word' id='word_1_218' title='bbox 1407 2234 1556 2286; x_wconf 84' lang='lat' dir='ltr'><strong>locus</strong></span> <span class='ocrx_word' id='word_1_219' title='bbox 1598 2234 1741 2286; x_wconf 90' lang='lat' dir='ltr'><strong>Mala</strong></span> <span class='ocrx_word' id='word_1_220' title='bbox 1778 2233 1884 2286; x_wconf 86' lang='lat' dir='ltr'><strong>for·</strong></span> 
     </span>
     <span class='ocr_line' id='line_1_30' title="bbox 214 2306 1885 2378; baseline -0.001 -19"><span class='ocrx_word' id='word_1_221' title='bbox 214 2312 345 2359; x_wconf 90' lang='lat' dir='ltr'><strong>tuna</strong></span> <span class='ocrx_word' id='word_1_222' title='bbox 384 2308 689 2376; x_wconf 86' lang='lat' dir='ltr'><strong>appellatur</strong></span> <span class='ocrx_word' id='word_1_223' title='bbox 736 2309 804 2361; x_wconf 92' lang='lat' dir='ltr'><strong>ob</strong></span> <span class='ocrx_word' id='word_1_224' title='bbox 849 2309 972 2377; x_wconf 83' lang='lat' dir='ltr'><strong>hoc,</strong></span> <span class='ocrx_word' id='word_1_225' title='bbox 1021 2308 1146 2378; x_wconf 86' lang='lat' dir='ltr'><strong>quia</strong></span> <span class='ocrx_word' id='word_1_226' title='bbox 1190 2306 1340 2359; x_wconf 87' lang='lat' dir='ltr'><strong>locus</strong></span> <span class='ocrx_word' id='word_1_227' title='bbox 1380 2311 1462 2359; x_wconf 89' lang='lat' dir='ltr'><strong>est</strong></span> <span class='ocrx_word' id='word_1_228' title='bbox 1502 2307 1706 2360; x_wconf 81' lang='lat' dir='ltr'><strong>Martis,</strong></span> <span class='ocrx_word' id='word_1_229' title='bbox 1782 2306 1885 2359; x_wconf 88' lang='lat' dir='ltr'><strong>Est</strong></span> 
     </span>
    </p>
   </div>
   <div class='ocr_carea' id='block_1_3' title="bbox 212 2492 1884 2964">
    <p class='ocr_par' dir='ltr' id='par_1_6' title="bbox 212 2492 1884 2964">
     <span class='ocr_line' id='line_1_31' title="bbox 361 2492 1875 2553; baseline 0.001 -16"><span class='ocrx_word' id='word_1_230' title='bbox 361 2499 382 2537; x_wconf 91' lang='lat'>1</span> <span class='ocrx_word' id='word_1_231' title='bbox 425 2509 488 2537; x_wconf 75' lang='lat' dir='ltr'><strong>an</strong></span> <span class='ocrx_word' id='word_1_232' title='bbox 527 2495 946 2551; x_wconf 73' lang='lat' dir='ltr'><strong>peregrinationis?</strong></span> <span class='ocrx_word' id='word_1_233' title='bbox 995 2497 999 2553; x_wconf 90' lang='grc' dir='ltr'>Ι</span> <span class='ocrx_word' id='word_1_234' title='bbox 1049 2494 1105 2538; x_wconf 83' lang='grc' dir='ltr'><strong>τὰ</strong></span> <span class='ocrx_word' id='word_1_235' title='bbox 1137 2492 1427 2550; x_wconf 78' lang='grc' dir='ltr'><strong><em>ἀποκλίματα</em></strong></span> <span class='ocrx_word' id='word_1_236' title='bbox 1458 2493 1590 2552; x_wconf 81' lang='grc' dir='ltr'><strong><em>ξένης</em></strong></span> <span class='ocrx_word' id='word_1_237' title='bbox 1621 2493 1875 2552; x_wconf 78' lang='grc' dir='ltr'><strong><em>σημαντικά</em></strong></span> 
     </span>
     <span class='ocr_line' id='line_1_32' title="bbox 213 2551 1881 2610; baseline -0.001 -12"><span class='ocrx_word' id='word_1_238' title='bbox 213 2559 252 2598; x_wconf 77' lang='lat' dir='ltr'><strong>et</strong></span> <span class='ocrx_word' id='word_1_239' title='bbox 281 2551 433 2608; x_wconf 79' lang='grc' dir='ltr'><strong><em>τρίτος</em></strong></span> <span class='ocrx_word' id='word_1_240' title='bbox 463 2552 658 2609; x_wconf 79' lang='grc' dir='ltr'><em>ἀδελφοὶ</em></span> <span class='ocrx_word' id='word_1_241' title='bbox 697 2553 891 2606; x_wconf 81' lang='grc' dir='ltr'><strong><em>ξενιτεία</em></strong></span> <span class='ocrx_word' id='word_1_242' title='bbox 938 2555 1037 2598; x_wconf 79' lang='lat' dir='ltr'><strong>Val.</strong></span> <span class='ocrx_word' id='word_1_243' title='bbox 1071 2552 1144 2598; x_wconf 77' lang='grc' dir='ltr'><strong>ὁτὲ</strong></span> <span class='ocrx_word' id='word_1_244' title='bbox 1176 2551 1227 2596; x_wconf 82' lang='grc' dir='ltr'><strong>δὲ</strong></span> <span class='ocrx_word' id='word_1_245' title='bbox 1268 2555 1346 2596; x_wconf 79' lang='grc' dir='ltr'><strong>καὶ</strong></span> <span class='ocrx_word' id='word_1_246' title='bbox 1378 2552 1599 2605; x_wconf 78' lang='grc' dir='ltr'><strong><em>ξενιτείας</em></strong></span> <span class='ocrx_word' id='word_1_247' title='bbox 1636 2551 1881 2610; x_wconf 82' lang='grc' dir='ltr'><strong><em>παραίτιος</em></strong></span> 
     </span>
     <span class='ocr_line' id='line_1_33' title="bbox 213 2611 1882 2670; baseline -0.001 -15"><span class='ocrx_word' id='word_1_248' title='bbox 213 2611 386 2669; x_wconf 71' lang='grc' dir='ltr'><strong><em>γίνεται</em></strong></span> <span class='ocrx_word' id='word_1_249' title='bbox 411 2613 546 2656; x_wconf 81' lang='lat' dir='ltr'><strong>Paul.</strong></span> <span class='ocrx_word' id='word_1_250' title='bbox 572 2613 627 2655; x_wconf 90' lang='lat' dir='ltr'><strong><em>K</em></strong></span> <span class='ocrx_word' id='word_1_251' title='bbox 643 2616 674 2656; x_wconf 78' lang='lat'><strong><em>2</em></strong></span> <span class='ocrx_word' id='word_1_252' title='bbox 765 2618 789 2655; x_wconf 79' lang='lat'>2</span> <span class='ocrx_word' id='word_1_253' title='bbox 824 2613 882 2666; x_wconf 63' lang='lat' dir='ltr'><strong>ab</strong></span> <span class='ocrx_word' id='word_1_254' title='bbox 906 2614 1082 2656; x_wconf 88' lang='lat' dir='ltr'><strong>horosc.</strong></span> <span class='ocrx_word' id='word_1_255' title='bbox 1105 2617 1144 2655; x_wconf 78' lang='lat' dir='ltr'>R</span> <span class='ocrx_word' id='word_1_256' title='bbox 1234 2617 1261 2654; x_wconf 85' lang='lat'>4</span> <span class='ocrx_word' id='word_1_257' title='bbox 1292 2611 1409 2655; x_wconf 89' lang='lat' dir='ltr'><strong>IMC.</strong></span> <span class='ocrx_word' id='word_1_258' title='bbox 1462 2612 1510 2656; x_wconf 92' lang='lat' dir='ltr'><strong>in</strong></span> <span class='ocrx_word' id='word_1_259' title='bbox 1534 2612 1626 2656; x_wconf 90' lang='lat' dir='ltr'><strong>imo</strong></span> <span class='ocrx_word' id='word_1_260' title='bbox 1652 2612 1808 2668; x_wconf 82' lang='lat' dir='ltr'><strong>(immo</strong></span> <span class='ocrx_word' id='word_1_261' title='bbox 1827 2617 1882 2670; x_wconf 83' lang='lat' dir='ltr'><strong>V)</strong></span> 
     </span>
     <span class='ocr_line' id='line_1_34' title="bbox 213 2670 1883 2730; baseline -0.001 -16"><span class='ocrx_word' id='word_1_262' title='bbox 213 2671 312 2730; x_wconf 71' lang='lat' dir='ltr'><strong>celo</strong></span> <span class='ocrx_word' id='word_1_263' title='bbox 397 2675 422 2714; x_wconf 87' lang='lat'>6</span> <span class='ocrx_word' id='word_1_264' title='bbox 446 2673 502 2726; x_wconf 83' lang='lat' dir='ltr'><strong>cf.</strong></span> <span class='ocrx_word' id='word_1_265' title='bbox 529 2671 603 2715; x_wconf 91' lang='lat' dir='ltr'><strong>VI</strong></span> <span class='ocrx_word' id='word_1_266' title='bbox 618 2673 651 2725; x_wconf 82' lang='lat' dir='ltr'><strong>f.</strong></span> <span class='ocrx_word' id='word_1_267' title='bbox 670 2671 932 2715; x_wconf 86' lang='lat' dir='ltr'><strong>LXXXII</strong></span> <span class='ocrx_word' id='word_1_268' title='bbox 948 2673 1026 2716; x_wconf 74' lang='grc' dir='ltr'><strong><em>σοὶ.</em></strong></span> <span class='ocrx_word' id='word_1_269' title='bbox 1050 2675 1077 2714; x_wconf 91' lang='lat'><em>3</em></span> <span class='ocrx_word' id='word_1_270' title='bbox 1093 2672 1186 2714; x_wconf 75' lang='lat' dir='ltr'><strong>ima</strong></span> <span class='ocrx_word' id='word_1_271' title='bbox 1269 2674 1295 2712; x_wconf 89' lang='lat'>8</span> <span class='ocrx_word' id='word_1_272' title='bbox 1321 2670 1400 2726; x_wconf 90' lang='lat' dir='ltr'><strong>qui</strong></span> <span class='ocrx_word' id='word_1_273' title='bbox 1436 2671 1542 2726; x_wconf 89' lang='lat' dir='ltr'><strong>quic</strong></span> <span class='ocrx_word' id='word_1_274' title='bbox 1565 2677 1604 2714; x_wconf 82' lang='lat' dir='ltr'>B</span> <span class='ocrx_word' id='word_1_275' title='bbox 1686 2677 1711 2714; x_wconf 85' lang='grc'><strong>9</strong></span> <span class='ocrx_word' id='word_1_276' title='bbox 1739 2670 1883 2727; x_wconf 86' lang='lat' dir='ltr'><strong>patri-</strong></span> 
     </span>
     <span class='ocr_line' id='line_1_35' title="bbox 212 2728 1882 2788; baseline -0.001 -16"><span class='ocrx_word' id='word_1_277' title='bbox 212 2729 369 2773; x_wconf 89' lang='lat' dir='ltr'><strong>monia</strong></span> <span class='ocrx_word' id='word_1_278' title='bbox 391 2735 448 2772; x_wconf 76' lang='lat' dir='ltr'><strong>pa</strong></span> <span class='ocrx_word' id='word_1_279' title='bbox 540 2734 594 2772; x_wconf 92' lang='lat'><strong>10</strong></span> <span class='ocrx_word' id='word_1_280' title='bbox 618 2729 694 2772; x_wconf 85' lang='lat' dir='ltr'><strong>hic</strong></span> <span class='ocrx_word' id='word_1_281' title='bbox 718 2744 799 2773; x_wconf 86' lang='lat' dir='ltr'><strong>om.</strong></span> <span class='ocrx_word' id='word_1_282' title='bbox 826 2735 859 2772; x_wconf 88' lang='lat' dir='ltr'>P</span> <span class='ocrx_word' id='word_1_283' title='bbox 952 2736 1002 2773; x_wconf 96' lang='grc'><strong>11</strong></span> <span class='ocrx_word' id='word_1_284' title='bbox 1029 2729 1233 2773; x_wconf 88' lang='lat' dir='ltr'><strong>medium</strong></span> <span class='ocrx_word' id='word_1_285' title='bbox 1256 2729 1435 2772; x_wconf 86' lang='lat' dir='ltr'><strong>caelum</strong></span> <span class='ocrx_word' id='word_1_286' title='bbox 1458 2735 1538 2773; x_wconf 83' lang='lat' dir='ltr'><strong>PR</strong></span> <span class='ocrx_word' id='word_1_287' title='bbox 1629 2735 1681 2773; x_wconf 89' lang='lat'><strong>16</strong></span> <span class='ocrx_word' id='word_1_288' title='bbox 1707 2729 1786 2785; x_wconf 92' lang='lat' dir='ltr'><strong>qui</strong></span> <span class='ocrx_word' id='word_1_289' title='bbox 1811 2728 1882 2788; x_wconf 78' lang='lat' dir='ltr'><strong>A&#39;]</strong></span> 
     </span>
     <span class='ocr_line' id='line_1_36' title="bbox 213 2787 1883 2847; baseline 0 -16"><span class='ocrx_word' id='word_1_290' title='bbox 213 2788 324 2843; x_wconf 91' lang='lat' dir='ltr'><strong>quia</strong></span> <span class='ocrx_word' id='word_1_291' title='bbox 415 2792 469 2831; x_wconf 88' lang='lat'><strong>18</strong></span> <span class='ocrx_word' id='word_1_292' title='bbox 493 2788 673 2832; x_wconf 89' lang='lat' dir='ltr'><strong>filorum</strong></span> <span class='ocrx_word' id='word_1_293' title='bbox 695 2793 775 2830; x_wconf 83' lang='lat' dir='ltr'><strong>PB.</strong></span> <span class='ocrx_word' id='word_1_294' title='bbox 802 2789 806 2845; x_wconf 88' lang='grc' dir='ltr'>Ι</span> <span class='ocrx_word' id='word_1_295' title='bbox 836 2789 1039 2844; x_wconf 86' lang='lat' dir='ltr'><strong>qualitas</strong></span> <span class='ocrx_word' id='word_1_296' title='bbox 1062 2789 1112 2847; x_wconf 87' lang='lat' dir='ltr'><strong>v]</strong></span> <span class='ocrx_word' id='word_1_297' title='bbox 1136 2787 1396 2843; x_wconf 87' lang='lat' dir='ltr'><strong>aequalitas</strong></span> <span class='ocrx_word' id='word_1_298' title='bbox 1489 2794 1542 2832; x_wconf 89' lang='grc'><strong>19</strong></span> <span class='ocrx_word' id='word_1_299' title='bbox 1575 2787 1685 2844; x_wconf 88' lang='lat' dir='ltr'><strong>quia</strong></span> <span class='ocrx_word' id='word_1_300' title='bbox 1708 2787 1778 2845; x_wconf 79' lang='lat' dir='ltr'><strong>A&#39;]</strong></span> <span class='ocrx_word' id='word_1_301' title='bbox 1804 2789 1883 2843; x_wconf 92' lang='lat' dir='ltr'><strong>qui</strong></span> 
     </span>
     <span class='ocr_line' id='line_1_37' title="bbox 214 2847 1884 2904; baseline 0.002 -15"><span class='ocrx_word' id='word_1_302' title='bbox 214 2852 268 2889; x_wconf 79' lang='lat'><strong>22</strong></span> <span class='ocrx_word' id='word_1_303' title='bbox 292 2847 496 2890; x_wconf 90' lang='lat' dir='ltr'><strong>medium</strong></span> <span class='ocrx_word' id='word_1_304' title='bbox 527 2847 706 2891; x_wconf 90' lang='lat' dir='ltr'><strong>caelum</strong></span> <span class='ocrx_word' id='word_1_305' title='bbox 728 2852 807 2889; x_wconf 84' lang='lat' dir='ltr'><strong>PB.</strong></span> <span class='ocrx_word' id='word_1_306' title='bbox 898 2853 953 2891; x_wconf 81' lang='lat'><strong>24</strong></span> <span class='ocrx_word' id='word_1_307' title='bbox 984 2849 1128 2904; x_wconf 75' lang='lat' dir='ltr'><strong>suppl.</strong></span> <span class='ocrx_word' id='word_1_308' title='bbox 1163 2861 1189 2890; x_wconf 88' lang='grc' dir='ltr'>σ</span> <span class='ocrx_word' id='word_1_309' title='bbox 1278 2851 1332 2889; x_wconf 83' lang='grc'><strong>26</strong></span> <span class='ocrx_word' id='word_1_310' title='bbox 1364 2847 1539 2892; x_wconf 87' lang='lat' dir='ltr'><strong>horosc.</strong></span> <span class='ocrx_word' id='word_1_311' title='bbox 1572 2848 1657 2891; x_wconf 75' lang='lat' dir='ltr'><strong>ine.</strong></span> <span class='ocrx_word' id='word_1_312' title='bbox 1683 2851 1728 2889; x_wconf 71' lang='grc' dir='ltr'><strong>Μ</strong></span> <span class='ocrx_word' id='word_1_313' title='bbox 1748 2848 1781 2901; x_wconf 83' lang='lat' dir='ltr'><strong>f.</strong></span> <span class='ocrx_word' id='word_1_314' title='bbox 1800 2850 1884 2892; x_wconf 74' lang='lat'><strong>:22¹</strong></span> 
     </span>
     <span class='ocr_line' id='line_1_38' title="bbox 217 2906 540 2964; baseline 0 -16"><span class='ocrx_word' id='word_1_315' title='bbox 217 2910 270 2948; x_wconf 77' lang='lat'><strong>29</strong></span> <span class='ocrx_word' id='word_1_316' title='bbox 305 2907 384 2964; x_wconf 88' lang='lat' dir='ltr'><strong>ob]</strong></span> <span class='ocrx_word' id='word_1_317' title='bbox 418 2906 476 2949; x_wconf 93' lang='lat' dir='ltr'><strong>ab</strong></span> <span class='ocrx_word' id='word_1_318' title='bbox 507 2911 540 2948; x_wconf 87' lang='lat' dir='ltr'>P</span> 
     </span>
    </p>
   </div>
  </div>
 </body>
</html>
