2014 3202
816 135 881 179 111
905 139 945 191 9,
970 138 1122 190 8—10‚
1147 148 1180 179 3.
1725 136 1827 187 171

150 276 252 310 nus
292 257 359 310 ab
399 258 700 325 horoscopo
739 255 1013 324 partiliter
1052 255 1335 308 constituti
1369 255 1497 325 quid
1527 255 1832 324 decernant,

149 334 336 384 sextus
376 331 656 402 geniturae
693 330 845 383 locus
886 328 1227 382 manifestius
1267 329 1572 399 explicavit.

449 521 515 575 X.
564 519 996 576 MERCURIUS
1035 522 1130 575 ΕΤ
1169 520 1530 575 IUPPITER.

295 625 594 679 Mercurius
635 643 756 678 cum
790 624 916 677 Iove
955 624 1230 693 partiliter
1268 626 1326 678 in
1363 625 1665 694 horoscopo
1706 643 1828 678 con·
1851 627 1877 678 1

100 720 124 753 5
148 700 374 752 stitutus
411 699 470 751 in
509 700 699 752 diurna
739 699 988 769 genitura
1033 698 1197 752 faciet
1237 699 1410 752 claros
1450 702 1505 752 et
1544 699 1830 769 gloriOSOS,

147 773 460 827 civitatibus
499 773 840 842 praepositos
882 775 976 825 aut
1015 773 1370 826 maximarum
1414 773 1699 826 civitatum
1739 774 1830 826 de-

147 865 261 900 cem
300 847 519 916 primos,
558 847 815 900 iuridicos
848 849 902 899 et
935 847 1026 915 qui
1058 847 1351 916 provinciis
1384 851 1479 899 aut
1511 847 1826 900 civitatibus

145 921 264 973 iura
300 921 608 989 restituant,
648 922 740 974 sed
773 921 865 990 qui
899 920 1058 973 iustis
1091 939 1303 990 semper
1335 922 1606 991 gaudeant
1637 921 1828 974 causis.

148 993 205 1047 Si
242 1013 368 1048 vero
408 1014 504 1064 per
540 999 758 1048 noctem
799 995 876 1047 sic
921 994 1124 1047 fuerint
1168 995 1399 1064 inventi,
1445 999 1828 1064 procuratores

6 1087 10 1135 ζ
81 1090 123 1122 ιο
146 1072 239 1121 aut
278 1072 488 1122 actores
529 1072 624 1122 aut
668 1068 1014 1139 negotiorum
1051 1068 1418 1138 praepositOS,
1466 1069 1559 1121 sed
1605 1086 1832 1139 magno-

146 1161 268 1195 rum
319 1146 414 1195 aut
462 1143 769 1212 potentium
818 1143 1060 1195 virorum
1105 1142 1376 1195 interdum
1425 1141 1560 1196 facit
1608 1143 1856 1213 scribas„

146 1216 450 1270 rationibus
491 1217 690 1270 mensis
739 1216 1017 1286 apothecis
1062 1216 1632 1286 negotiationibusque
1678 1234 1830 1286 prae-

147 1290 376 1361 positOS,
408 1294 631 1361 argutos
663 1309 807 1358 vero,
836 1290 1148 1360 ingeniosos
1182 1294 1237 1342 et
1269 1291 1464 1360 quibus
1498 1309 1560 1343 ex
1586 1290 1830 1344 bonitate

145 1364 351 1435 ingenii
389 1364 622 1417 felicitas
662 1364 898 1417 maxima
937 1364 1260 1417 conferatur.

80 1458 122 1491 15
293 1437 357 1490 In
397 1439 629 1491 secundo
675 1438 795 1491 loco
836 1437 1135 1491 Mercurius
1176 1441 1231 1490 et
1270 1438 1515 1507 Iuppiter
1556 1437 1882 1507 partiliter?

147 1511 214 1564 ab
267 1511 571 1581 horoscopo
628 1512 912 1565 constituti
966 1512 1024 1564 in
1077 1512 1268 1564 diurna
1323 1513 1575 1582 genitura
1627 1511 1829 1565 facient

144 1585 367 1638 heredes
408 1586 570 1639 alieni
615 1586 953 1655 patrimonii,
1003 1586 1071 1638 ab
1121 1587 1390 1639 extraneis
1440 1587 1726 1655 adoptatos
1774 1589 1830 1638 et

144 1658 618 1712 fundamentorum
664 1660 961 1712 multorum
1009 1662 1063 1712 et
1109 1659 1480 1729 depositarum
1528 1661 1830 1730 specierum

0 1784 2 1803 ,
146 1733 392 1786 dominos
432 1738 488 1786 et
527 1734 722 1802 quibus
768 1751 1025 1802 processu
1072 1734 1332 1803 temporis
1382 1737 1675 1804 augmenta
1715 1734 1832 1787 feli-

0 1828 2 1877 ξ
78 1828 124 1859 20
147 1807 330 1860 citatis
377 1808 613 1860 maxima
660 1807 1020 1861 conferantur.
1098 1805 1157 1860 Si
1203 1826 1329 1861 vero
1369 1827 1466 1877 per
1510 1811 1727 1861 noctem
1773 1809 1832 1860 in

144 1881 250 1933 hoc
287 1881 406 1934 loco
437 1881 710 1951 partiliter
740 1882 943 1935 fuerint
973 1881 1195 1950 inventi,
1235 1881 1511 1935 stultiores
1543 1881 1744 1935 facient
1775 1885 1832 1934 et

148 1954 344 2023 quibus
382 1973 492 2008 non
531 1956 604 2008 sit
640 1960 903 2026 perpetua
941 1955 1175 2008 felicitas
1208 1959 1263 2008 et
1295 1973 1430 2025 quos
1463 1955 1608 2008 vitae
1641 1973 1831 2008 cursus

149 2028 465 2097 saepissima
502 2030 711 2083 ratione
751 2028 998 2098 decipiat.

296 2101 360 2153 In
405 2103 568 2156 tertio
614 2103 733 2156 loco
782 2103 849 2156 ab
897 2103 1200 2170 horoscopo
1241 2101 1486 2171 Iuppiter
1533 2104 1587 2154 et
1624 2101 1882 2155 Mercu-3

81 2195 125 2228 25
148 2174 261 2228 rius
299 2176 569 2244 partiliter
609 2176 894 2230 constituti
932 2193 1120 2246 magos
1159 2175 1375 2245 facient,
1422 2175 1514 2228 sed
1552 2175 1830 2245 praeclara

150 2267 360 2318 semper
409 2250 655 2303 bonitate
705 2250 996 2318 pollentes,
1050 2249 1411 2319 hymnologos
1460 2253 1556 2302 aut
1605 2250 1828 2303 deorum

148 2322 361 2376 baiulos
402 2328 497 2376 aut
535 2324 784 2376 custodes
832 2324 1162 2392 templorum
1208 2325 1304 2376 aut
1342 2323 1435 2393 qui
1473 2323 1830 2394 religionibus

148 2397 396 2451 homines
435 2396 654 2451 initient
694 2402 748 2450 et
787 2400 1102 2450 consecrent
1141 2399 1196 2450 et
1234 2397 1327 2466 qui
1365 2397 1587 2450 deorum
1619 2398 1830 2450 monitu

300 2577 322 2615 1
356 2573 589 2626 decernat,
621 2586 731 2616 corr.
766 2570 814 2613 A'
974 2576 1000 2614 3
1033 2573 1249 2614 saturnus
1289 2573 1338 2615 et
1374 2571 1627 2614 mercurius
1659 2575 1740 2613 PB
1771 2571 1829 2614 de

148 2630 474 2675 coniunctione
505 2630 722 2674 mercurii
754 2633 802 2673 et
832 2629 951 2673 iouis
974 2634 1012 2672 V
1125 2635 1151 2674 5
1183 2644 1246 2674 an
1277 2629 1525 2688 gloriosis?
1645 2634 1671 2674 6
1704 2643 1764 2673 au
1791 2634 1831 2672 V

153 2688 161 2748 Ι
197 2692 279 2733 aut
306 2717 362 2722 —
389 2695 444 2733 10
467 2689 755 2756 praepositos
786 2690 945 2745 oepetit
974 2693 1012 2731 B
1118 2694 1142 2733 ’1
1174 2688 1397 2732 uiridicos
1428 2693 1461 2731 P
1488 2691 1494 2743 Ι
1522 2687 1737 2745 prouitiis
1767 2693 1832 2731 13⁸

143 2749 299 2804 priore
322 2751 416 2793 loco
535 2755 561 2793 8
593 2749 696 2792 uira
718 2754 751 2791 P
779 2750 784 2805 Ι
811 2747 951 2790 iussis
977 2752 1109 2790 11²3
1134 2763 1207 2804 pr.
1234 2749 1261 2792 l.
1286 2753 1325 2791 V
1352 2750 1357 2805 Ι
1386 2747 1607 2805 gaudent,
1638 2762 1751 2792 corr.
1777 2746 1828 2790 A'

153 2810 208 2849 10
247 2810 328 2851 aut
367 2810 546 2852 actores
585 2822 668 2852 om.
701 2813 738 2850 B
764 2822 836 2863 pr.
871 2808 897 2851 l.
1051 2811 1103 2850 11
1139 2821 1194 2851 ac
1231 2806 1280 2850 A'
1442 2810 1496 2849 15
1528 2809 1576 2850 et
1613 2805 1684 2865 A‘]
1725 2821 1831 2850 cum

153 2869 208 2907 16
232 2865 388 2922 faciet,
420 2881 531 2911 corr.
558 2866 606 2909 A'
709 2872 762 2911 18
788 2866 1053 2922 multarum,
1085 2880 1197 2910 corr.
1223 2865 1272 2908 A‘
1375 2870 1429 2909 20
1460 2865 1665 2909 maxima
1687 2879 1771 2910 om.
1796 2871 1830 2908 P

151 2928 206 2967 21
241 2924 471 2980 stultores‚
502 2940 613 2971 corr.
647 2926 695 2968 A'
