2014 3202
235 168 337 219 182
956 167 1183 213 FIRMICI

228 287 611 356 grammaticos
652 290 745 340 aut
783 288 964 357 legum
1002 289 1308 341 inventores
1355 291 1449 341 aut
1497 289 1589 356 qui
1627 289 1683 341 in
1720 308 1922 344 nume-.

175 361 301 414 2113
341 364 631 428 praestent.
710 359 768 413 Si
806 379 933 414 vero
973 380 1070 430 per
1107 365 1322 415 noctem
1359 361 1415 414 in
1454 362 1744 431 horoscopi
1777 382 1896 432 par-

227 434 373 486 tibus
413 434 615 487 fuerint
652 433 871 503 inventi,
909 435 1108 489 facient
1147 439 1332 488 acutos
1372 436 1683 506 ingeniosos
1721 439 1776 488 61
1808 437 1900 506 qui

228 507 430 576 omnia,
463 526 829 576 quaecumque
869 526 1026 577 agere
1066 510 1348 578 voluerint,
1386 508 1542 562 facile
1575 527 1898 580 consequan-

226 584 329 634 tur.
407 581 583 634 Erunt
622 586 802 634 autem
842 585 935 634 aut
975 582 1218 635 coronati
1257 587 1352 635 aut
1390 584 1687 651 praepositi
1727 602 1896 637 sacer·
1943 605 1963 637 5

225 654 441 707 dotibus
481 658 574 707 aut
613 674 888 708 sacrorum
920 655 1329 709 simulacrorum
1368 657 1535 709 baiuli
1567 660 1622 709 et
1655 658 1747 726 qui
1779 675 1896 726 pro·

226 747 379 782 cessu
411 728 670 797 temporis
704 734 995 799 augmenta
1026 730 1308 800 dignitatis
1333 731 1613 800 accipiant.
1675 730 1898 784 Facient

225 806 405 854 autem
452 802 724 856 armoniae
773 803 1049 856 cuiusdam
1100 804 1303 872 peritos
1359 808 1452 856 aut
1497 804 1695 857 litteris
1751 805 1895 875 regis

221 877 582 946 Ρ166Ρο31103,
631 878 723 930 sed
763 896 992 947 quorum
1036 878 1210 930 oratio
1258 896 1319 930 ac
1365 896 1540 931 sermo
1587 878 1776 946 plenus
1826 879 1897 931 sit

223 949 422 1018 leporis
464 954 519 1003 et
558 950 780 1020 gratiae.
1921 974 1963 1006 ιο

171 1024 203 1076 3
367 1023 433 1076 In
465 1025 695 1077 secundo
728 1025 846 1078 loco
879 1026 945 1077 ab
979 1025 1280 1093 horoscopo
1307 1024 1602 1078 Mercurius
1633 1028 1687 1078 et
1711 1024 1894 1078 Venus

221 1096 424 1166 pariter
475 1099 760 1152 constituti
814 1100 872 1151 in
920 1099 1110 1151 diurna
1165 1099 1415 1168 genitura
1469 1098 1669 1152 facient
1725 1099 1897 1151 multa

220 1172 442 1241 negotia
487 1175 783 1226 tractantes
833 1176 886 1225 et
933 1173 1026 1241 qui
1063 1173 1120 1225 in
1165 1172 1440 1226 nobilibus
1487 1173 1697 1225 actibus
1746 1191 1896 1226 occu-

220 1249 433 1316 pentur,
470 1246 562 1299 sed
601 1247 655 1300 in
697 1247 830 1315 ipsis
863 1247 1063 1299 diutius
1094 1249 1515 1316 perseverantes,
1553 1263 1807 1299 amoenos
1839 1250 1895 1299 et

222 1323 408 1388 gratos
447 1319 505 1373 in
543 1321 656 1373 vita
693 1321 898 1389 pariter
935 1339 996 1374 66
1044 1320 1300 1389 moribus,
1348 1320 1565 1373 vinosos
1605 1323 1787 1372 tamen
1833 1338 1895 1373 ac
1919 1341 1961 1374 15

220 1393 554 1446 libidinosos.
633 1393 691 1447 Si
723 1413 847 1447 vero
889 1394 1188 1447 matutinus
1221 1394 1278 1446 in
1315 1394 1418 1446 hoc
1456 1394 1575 1446 loco
1616 1393 1781 1445 fuerit
1818 1393 1895 1446 in-

221 1469 432 1535 ventus,
480 1467 641 1520 faciet
678 1487 774 1536 per
822 1469 1139 1537 semetipsos
1185 1468 1513 1537 patrimonia
1561 1471 1895 1536 quaerenteS,

220 1539 403 1592 felices
427 1540 699 1594 litteratos
725 1542 1064 1611 disciplinam
1097 1542 1333 1610 aliquam
1365 1542 1732 1609 musicamque
1758 1544 1895 1593 trac-

222 1617 422 1682 tantes,
476 1615 648 1667 laetos
699 1618 753 1667 61
799 1616 1057 1668 honestos
1105 1614 1416 1683 gratiaeque
1464 1614 1746 1682 splendore
1792 1613 1893 1666 ful-

167 1686 424 1756 4genteS.
504 1686 562 1740 Si
600 1706 725 1740 vero
766 1688 823 1740 in
867 1693 1132 1741 nocturna
1171 1687 1419 1758 genitura
1457 1688 1793 1755 vespertinus
1834 1687 1891 1738 in
1916 1709 1958 1740 20

220 1759 322 1813 hoc
355 1761 472 1813 loco
507 1780 627 1814 cum
662 1762 867 1814 Venere
901 1762 1062 1814 fuerit
1093 1762 1358 1829 inventuS,
1395 1777 1620 1829 magnas
1653 1761 1890 1812 decernit

219 1833 504 1887 facultates
545 1839 600 1887 et
637 1853 891 1903 processu
930 1838 1235 1904 temporum
1275 1835 1629 1886 maximarum
1667 1833 1891 1886 felicita-

220 1906 338 1959 tum
376 1908 707 1960 incrementa
746 1909 992 1979 largitur3
1035 1913 1192 1961 erunt
1231 1908 1374 1960 6111111
1405 1906 1673 1976 principes
1708 1907 1890 1959 civita·

220 1986 357 2049 tum,
406 1985 561 2034 erunt
605 1982 816 2052 legibus
863 1983 1158 2052 praepositi
1200 1985 1254 2034 et
1294 1982 1487 2050 quibus
1535 1981 1890 2032 maximarum

217 2056 615 2123 provinciarum
655 2074 782 2108 61116
828 2057 1123 2109 mandetur.
1199 2055 1311 2108 Alii
1354 2054 1633 2107 inveniunt
1674 2053 1890 2122 aliquid,
1917 2075 1959 2108 25

218 2129 356 2180 unde
397 2130 552 2181 initia
591 2130 868 2182 felicitatis
918 2131 1206 2199 accipiant,
1254 2129 1373 2182 aliis
1413 2127 1740 2180 hereditates
1779 2146 1892 2179 ma-

218 2203 393 2255 ximae
434 2204 794 2256 conferuntur.

166 2275 201 2328 5
366 2275 430 2328 In
469 2276 632 2329 tertio
672 2278 790 2330 loco
832 2278 898 2329 ab
938 2277 1237 2346 horoscopo
1277 2274 1574 2328 Mercurius
1615 2278 1668 2326 et
1708 2273 1891 2326 Venus
1931 2272 1937 2278 ’

218 2347 421 2417 pariter
460 2351 744 2403 constituti
791 2350 989 2404 facient
1026 2352 1084 2402 in
1130 2349 1296 2403 sacris
1344 2347 1727 2402 certaminibus
1775 2365 1890 2400 esse

218 2422 451 2475 victores
499 2426 592 2475 aut
639 2425 942 2476 sacerdotes
983 2427 1077 2476 aut
1122 2423 1416 2493 prophetas
1465 2425 1556 2474 aut
1602 2420 1889 2473 vestitores
1915 2443 1958 2474 30

219 2497 439 2548 deorum
481 2501 574 2548 aut
612 2497 669 2548 in
707 2497 924 2566 templis
972 2497 1206 2549 maxima
1245 2499 1539 2549 tractantes
1581 2493 1760 2546 officia
1798 2497 1891 2545 aut

367 2661 391 2698 2
422 2655 643 2712 praesint,
676 2669 786 2699 corr.
812 2673 839 2699 κ
871 2657 927 2710 cf.
955 2657 1160 2700 Maneth.
1194 2655 1348 2699 V266
1497 2656 1523 2694 3
1556 2652 1716 2694 acutos
1749 2652 1816 2695 bis
1834 2655 1890 2717 ,M

219 2718 244 2756 5
271 2715 353 2756 aut
369 2716 505 2769 prius
528 2728 609 2759 om.
627 2717 672 2756 Η
763 2718 786 2756 7
813 2715 1034 2771 temporis
1059 2729 1140 2759 om.
1163 2718 1207 2757 M
1297 2717 1323 2756 8
1347 2710 1488 2768 regiis
1512 2714 1550 2752 A
1642 2714 1696 2752 10
1721 2712 1890 2766 gratia,

217 2786 330 2816 corr.
356 2772 405 2815 A‘
531 2778 584 2816 13
615 2771 665 2815 in
696 2773 778 2816 del.
812 2788 839 2815 a
968 2778 1021 2817 15
1053 2772 1228 2830 pariter
1258 2773 1305 2830 u]
1336 2769 1527 2827 paribus
1554 2767 1791 2834 §operibus
1822 2768 1890 2823 A')

221 2830 227 2888 Ι
263 2830 455 2874 uitiosos
485 2836 530 2874 M
561 2832 618 2886 cf.
652 2831 784 2875 VIII
806 2832 839 2885 f.
869 2831 981 2875 CIV
1011 2833 1090 2876 col.
1115 2836 1147 2876 2
1176 2831 1286 2875 med.
1417 2833 1470 2872 18
1501 2840 1805 2892 misicamque
1835 2831 1893 2869 pa

220 2894 272 2931 19
306 2892 482 2945 graque
511 2895 557 2933 M
718 2894 772 2933 26
803 2889 999 2934 felitatis
1031 2896 1070 2933 Β,
1110 2891 1116 2948 Ι
1159 2889 1241 2933 alii
1271 2893 1360 2931 MV
1399 2889 1404 2945 Ι
1447 2886 1723 2930 hereditatis
1754 2889 1892 2928 nava

208 2951 270 2989 27
306 2948 547 2992 conferunt
576 2953 621 2991 Μ
