2014 3202
845 109 910 153 ΠΙ
929 113 972 166 4,
998 122 1156 155 24-29,
1731 109 1836 162 123

158 231 243 285 vel
281 230 508 284 Veneris
547 230 732 298 fuerit,
780 229 968 283 doctos
1016 233 1071 282 et
1117 229 1353 283 famosos
1401 230 1535 283 facit
1574 233 1832 283 oratores.

79 350 83 353 ,
159 303 219 358 Si
263 323 390 358 vero
439 308 532 357 aut
578 305 634 356 in
680 304 838 356 domo
888 321 985 355 sua
1030 303 1194 356 fuerit
1250 308 1343 357 aut
1389 305 1445 357 in
1492 305 1651 357 domo
1691 304 1835 358 Iovis

159 382 254 431 aut
292 380 348 431 in
388 378 671 431 altitudine
705 395 802 429 sua
832 377 958 445 <et>
992 377 1234 446 Iuppiter
1271 379 1329 430 in
1358 378 1494 431 hora
1532 397 1641 431 non
1671 379 1836 432 fuerit

159 453 477 519 collocatus,
531 451 693 504 faciet
746 450 848 503 diis
903 451 1197 521 terribiles,
1248 456 1301 504 et
1351 452 1442 521 qui
1491 451 1673 504 omnia
1719 471 1835 521 per-

113 544 134 578 5
158 527 421 579 iuriorum
460 543 656 595 genera
695 528 1057 578 contemnant.
1135 525 1313 578 Erunt
1360 529 1543 578 autem
1582 527 1833 579 omnibus

158 600 507 653 daemonibus
548 598 817 651 terribiles
859 603 913 651 et
950 617 1179 668 quorum
1204 601 1500 662 >adventum
1531 601 1685 668 pravi
1716 600 1834 652 dae-

157 692 376 726 monum
408 673 630 742 spiritus
671 672 884 742 fugiant
923 677 978 725 et
1012 673 1102 741 qui
1136 673 1212 726 sic
1245 674 1554 726 laborantes
1587 673 1833 726 homines

153 765 263 800 non
301 747 354 799 vi
393 747 693 813 verborum,
734 747 825 799 sed
866 746 983 799 sola
1023 747 1105 799 sui
1145 747 1452 800 ostensione
1485 748 1739 814 liberent3
1780 750 1835 800 et

10 886 16 890 Δ
156 821 398 890 quamvis
447 821 521 873 sit
566 820 836 873 violentus
884 821 1131 888 daemon,
1180 821 1272 890 qui
1312 820 1512 890 corpus
1551 821 1833 874 hominum

6 924 23 931 -
88 913 131 945 10
155 895 497 963 animumque
539 893 770 963 quatiat,
819 895 930 947 sive
971 894 1060 947 ille
1101 896 1275 947 aerius
1317 895 1389 947 sit
1434 896 1544 947 sive
1584 899 1830 948 terrenus

152 968 263 1021 sive
304 968 567 1037 infernus,
613 969 773 1021 istius
813 968 1048 1020 hominis
1087 969 1322 1021 iussione
1362 969 1535 1038 fugiet
1584 972 1638 1022 et
1683 987 1833 1038 prae-

151 1043 322 1112 ceptis
355 1043 468 1095 eius
509 1061 632 1095 cum
665 1042 896 1111 quadam
928 1043 1270 1095 veneratione
1303 1047 1558 1095 terretur:
1596 1043 1657 1095 hi
1690 1047 1831 1113 sunt,

152 1117 244 1185 qui
284 1135 315 1168 a
353 1116 517 1186 vulgo
558 1116 854 1169 exorcistae
895 1116 1160 1168 dicuntur.
1225 1115 1328 1169 Sed
1369 1117 1495 1169 talis
1534 1117 1652 1186 erit,
1693 1117 1740 1169 si
1772 1116 1831 1169 in

149 1208 293 1243 nono
333 1190 478 1255 locO,
519 1190 659 1243 sicut
698 1190 950 1258 diximus,
990 1190 1243 1242 habuerit
1283 1189 1535 1258 Martem,
1583 1194 1644 1243 ut
1683 1190 1831 1243 labo-

84 1282 125 1314 15
154 1268 362 1316 rantem
422 1263 697 1316 hominem
758 1264 825 1316 ab
886 1263 1032 1316 omni
1087 1264 1449 1334 malignorum
1509 1265 1831 1317 daemonum

150 1338 345 1407 spiritu
377 1336 534 1390 facile
567 1337 742 1406 possit
774 1337 1029 1390 iussionis
1062 1356 1188 1390 suae
1222 1337 1546 1390 auctoritate
1579 1356 1830 1407 purgare.

295 1410 361 1463 In
406 1412 611 1464 decimo
659 1411 778 1464 loco
819 1410 965 1463 Mars
1014 1411 1080 1463 ab
1128 1411 1430 1480 horoscopo
1479 1410 1916 1477 constitutu8,28

148 1485 288 1538 idest
326 1485 382 1536 in
423 1484 536 1538 MC.
576 1485 868 1558 partiliter,
892 1523 895 1525 Α
918 1486 974 1536 10
1011 1488 1277 1537 nocturna
1317 1484 1567 1555 genitura
1607 1485 1830 1555 scilicet,

151 1559 197 1611 si
235 1559 292 1610 in
321 1558 618 1620 masculino
653 1558 809 1628 signo
840 1558 1008 1610 fuerit
1042 1558 1290 1611 inventus
1331 1560 1387 1610 in
1420 1577 1518 1611 suo
1551 1558 1824 1612 domicilio

81 1653 125 1685 20
149 1632 234 1686 vel
271 1633 328 1684 in
368 1632 534 1702 IoviS‚
581 1632 674 1684 sed
721 1633 833 1684 eius
882 1632 1033 1685 cuius
1083 1633 1313 1685 diximus
1357 1632 1591 1703 generiS‚
1641 1633 1724 1685 vel
1770 1634 1827 1685 in

149 1706 434 1759 altitudine
475 1724 584 1774 sua,
627 1706 788 1759 faciet
828 1705 1042 1776 quidem
1081 1706 1414 1775 periculosos
1456 1710 1509 1759 et
1549 1707 1698 1759 vario
1739 1724 1826 1777 ge-

147 1799 273 1833 nere
315 1798 472 1848 saepe
512 1781 786 1848 1100ορ103,
827 1779 919 1833 sed
957 1779 1310 1833 nihilominus
1350 1781 1622 1849 praesides
1657 1781 1824 1833 duces

148 1855 290 1906 vitae
329 1854 579 1923 necisque
619 1854 888 1924 domin08‚
932 1855 1182 1907 tribunos
1221 1855 1491 1907 terribiles
1531 1855 1822 1923 provinciis

130 1932 204 1980 vet
258 1927 584 1980 civitatibus,
662 1925 720 1980 Si
767 1946 891 1980 vero
945 1928 1002 1979 10
1047 1927 1164 1981 ΜΟ.
1211 1946 1306 1996 per
1359 1931 1576 1981 noctem
1631 1927 1828 1981 consti-
1844 1928 1913 1981 29

0 2057 8 2063 ,
81 2023 124 2056 25
151 2004 324 2068 tutus,
370 2001 427 2053 in
474 2002 619 2070 quali
667 2001 899 2054 diximus
944 2001 1121 2071 sign0‚
1170 2002 1603 2054 coniunctionem
1641 2000 1826 2053 Lunae

150 2074 412 2127 venientis
446 2075 726 2144 acceperit,
761 2074 1007 2144 Iuppiter
1037 2093 1164 2127 vero
1199 2075 1364 2127 alium
1397 2075 1677 2144 geniturae
1708 2093 1828 2144 pos-

150 2148 348 2201 sederit
388 2148 673 2217 cardinem,
713 2152 767 2201 et
798 2149 913 2217 ipse
945 2147 1297 2201 nihilominus
1329 2149 1414 2200 vel
1446 2149 1503 2200 in
1535 2148 1694 2201 domo
1728 2166 1826 2201 sua

149 2222 234 2275 vel
281 2222 339 2274 in
378 2221 661 2274 altitudine
710 2241 806 2275 sua
853 2222 937 2274 vel
985 2220 1042 2273 in
1089 2222 1200 2274 suis
1248 2222 1446 2275 finibus
1495 2223 1826 2276 constitutus

150 2299 398 2379 potentes
424 2295 583 2348 duces
616 2313 677 2347 ac
702 2294 872 2348 totius
900 2295 1047 2347 orbis
1074 2295 1318 2348 dominos
1344 2295 1556 2349 efficiet.
1618 2295 1824 2381 Quodsi

82 2369 229 2425 sosio
274 2370 513 2439 positum
560 2368 791 2421 Martem
837 2369 980 2421 Iovis
1029 2369 1323 2422 deseruerit
1371 2370 1529 2422 stella
1577 2389 1675 2423 nec
1722 2371 1828 2452 ipsi

152 2443 282 2511 (se)
323 2443 502 2511 aliqua
542 2443 840 2495 radiatione
881 2443 1174 2512 coniungat
1212 2461 1308 2496 nec
1349 2443 1406 2496 in
1445 2443 1639 2497 ceteris
1679 2443 1829 2513 geni-

151 2521 302 2570 turae
366 2516 672 2570 cardinibus
734 2516 897 2568 fuerit
952 2517 1190 2586 inventa,
1251 2516 1413 2571 faciet
1474 2517 1827 2570 nihilominus

297 2666 323 2705 3
356 2664 405 2705 et
434 2662 541 2706 add.
573 2677 602 2704 a
691 2666 719 2704 4
750 2660 866 2704 facit
888 2665 945 2703 1³⁵
1050 2665 1076 2704 6
1108 2661 1384 2706 domonibus
1416 2667 1449 2705 1²
1548 2665 1574 2704 8
1606 2660 1670 2719 vi]
1701 2660 1751 2703 in
1781 2665 1827 2704 Π

153 2723 208 2762 10
236 2719 463 2779 quatiant
498 2725 544 2763 Μ
600 2722 605 2778 Ι
662 2722 719 2775 cf.
763 2720 897 2763 Kroll
938 2720 992 2764 de
1038 2733 1154 2765 orac.
1195 2722 1340 2766 chald.
1381 2725 1440 2766 45
1592 2724 1645 2762 12
1686 2718 1755 2762 hii
1793 2724 1826 2763 P

154 2782 207 2821 17
238 2782 362 2823 mart
390 2784 435 2823 Π
548 2784 605 2823 20
637 2779 718 2823 sed
749 2780 796 2837 κ]
829 2778 904 2822 001
935 2778 1027 2835 (001
1057 2778 1107 2823 10
1137 2778 1206 2837 A')
1236 2794 1293 2824 sc.
1330 2781 1382 2824 in
1411 2779 1666 2823 masculina
1696 2779 1826 2824 domo

151 2837 209 2890 cf.
241 2841 315 2892 42,
339 2850 380 2880 21
522 2843 576 2882 22
603 2837 754 2881 nichil
787 2836 1001 2881 hominus
1031 2842 1065 2880 Ρ
1208 2844 1264 2882 24
1296 2838 1614 2892 constitutum,
1651 2851 1763 2881 corr.
1797 2853 1826 2881 a.

153 2899 209 2938 26
242 2896 472 2953 exceperit
501 2902 563 2939 va
693 2902 749 2940 30
782 2896 871 2952 ipsi
903 2897 949 2955 κ]
982 2896 1079 2954 ipse
1111 2896 1232 2954 (ipsa
1263 2899 1346 2954 M)
1480 2902 1532 2940 31
1569 2909 1616 2939 se
1648 2897 1753 2940 add.
1795 2913 1823 2940 a
