2014 3202
89 561 109 594 5

66 960 109 992 10

70 1339 112 1372 15

71 1738 114 1769 20

70 2120 113 2152 25

794 107 857 151 IV
882 111 951 164 22,
976 119 1135 151 11—16.
1699 106 1806 158 269

129 231 336 301 plenae,
370 248 505 300 quae
536 246 750 297 vacuae,
787 228 890 280 hoc
923 227 1325 280 demonstratur
1355 227 1614 296 exemplo.
1670 225 1808 280 Sunt

133 307 315 357 autem
351 307 533 374 partes
572 302 762 372 plenae
800 300 946 368 XIX,
985 319 1184 354 vacuae
1222 299 1344 353 XII.

219 391 248 444 I
399 392 550 444 loeus
755 391 938 459 partes
1228 388 1279 441 V
1462 387 1722 442 Seuiehut

192 465 247 518 II
396 465 548 518 loeus
756 465 937 532 partes
1202 460 1282 514 VI
1459 480 1658 516 vacuus

164 538 249 591 III
398 539 548 592 loeus
755 540 937 606 partes
1146 533 1281 589 VIII
1460 534 1708 605 Sepisent

166 612 247 665 IV
397 612 547 664 locus
754 614 936 679 partes
1198 609 1280 662 ΠΙ
1458 627 1656 663 vacuus

197 684 248 738 V
396 685 545 738 locus
754 687 937 753 partes
1200 682 1279 735 VI
1461 682 1627 736 Senta

168 757 247 812 VI
394 758 546 811 locus
755 761 936 826 partes
1195 754 1280 809 111
1456 775 1669 810 vacuus.

278 860 432 915 VIII.
474 860 510 915 S
522 861 867 931 eorpioniS.
926 859 992 912 In
1018 857 1327 929 Scorpionis
1354 859 1510 930 signo
1537 879 1673 930 quae
1698 861 1808 914 sint
1831 860 1897 914 15

131 939 312 1005 partes
337 936 542 1004 plenae,
567 953 703 1004 quae
726 952 940 999 vacuae,
962 933 1067 987 hoc
1091 933 1525 987 demonstramus
1550 934 1810 1003 exemplo.

134 1008 272 1062 Sunt
311 1012 494 1062 autem
530 1012 713 1078 partes
743 1009 934 1078 plenae
965 1006 1184 1077 <XVI>,
1222 1025 1420 1061 vacuae
1450 1010 1634 1077 partes
1664 1007 1811 1062 XIV.

218 1096 244 1149 I
393 1097 544 1150 locus
752 1100 936 1166 partes
1196 1095 1280 1148 III
1459 1115 1658 1150 vacuus

190 1170 246 1223 II
394 1171 546 1223 locus
754 1173 936 1240 partes
1228 1168 1281 1222 V
1464 1168 1722 1224 Sentacer

162 1243 247 1297 IH
396 1245 547 1297 locus
755 1247 936 1314 partes
1200 1242 1281 1296 VI
1458 1262 1658 1298 vacuus

166 1316 247 1370 IV
396 1317 546 1371 locus
755 1321 937 1388 partes
1197 1317 1278 1369 VI
1457 1318 1687 1387 Tepisen

194 1390 245 1442 V
396 1392 547 1444 locus
754 1395 938 1460 partes
1223 1390 1279 1443 II
1457 1409 1655 1445 vacuus

166 1463 248 1516 VI
396 1466 547 1518 loeus
756 1467 938 1535 partes
1227 1463 1279 1516 V
1461 1462 1719 1518 Sentineu

142 1537 249 1590 VH
398 1538 548 1592 loeus
756 1542 938 1608 partes
1197 1537 1283 1590 HI
1458 1556 1675 1593 vacuus.

280 1641 375 1695 IX.
416 1641 783 1712 Sagittarii.
865 1642 932 1696 In
978 1640 1263 1713 Sagittarii
1313 1640 1471 1711 signo
1518 1660 1654 1711 quae
1701 1642 1811 1696 sint
1833 1643 1898 1697 16

135 1719 317 1785 partes
348 1716 554 1785 plenae,
586 1734 721 1784 quae
753 1735 966 1786 vacuae,
996 1717 1100 1769 hoe
1125 1716 1528 1768 demonstratur
1551 1717 1811 1786 exemplo.

137 1788 275 1843 Sunt
313 1793 495 1842 autem
534 1790 721 1859 plenae
760 1793 942 1859 partes
982 1789 1187 1859 XXIII,
1227 1806 1428 1842 vacuae
1467 1788 1590 1842 VII.

218 1877 246 1930 I
395 1878 547 1931 loeus
756 1882 939 1947 partes
1207 1875 1289 1929 IX
1457 1877 1714 1946 Eregbuo

193 1950 248 2003 II
395 1951 548 2004 locus
758 1956 940 2020 partes
1200 1949 1287 2002 III
1458 1968 1657 2004 vacuus

166 2024 249 2076 III
397 2025 548 2077 loeus
664 2070 666 2072 .
757 2028 940 2094 partes
1180 2023 1290 2076 VH
1461 2022 1644 2094 Sagon

170 2096 250 2150 IV
398 2098 549 2151 loeus
759 2101 941 2167 partes
1208 2095 1288 2149 IV
1459 2115 1658 2151 vacuus

198 2170 251 2224 V
399 2171 550 2224 locus
758 2174 941 2241 partes
1179 2169 1288 2223 VH
1462 2170 1725 2225 Chenene.

279 2306 304 2343 2
335 2301 514 2345 ‘numeri
543 2301 746 2356 corrupti
783 2301 960 2357 quidem
996 2301 1074 2345 sed
1111 2308 1400 2359 conqmentes
1542 2306 1567 2345 3
1601 2301 1813 2347 seuichut

137 2359 264 2404 idest
295 2373 442 2416 apoyo
473 2359 533 2414 (a'
560 2361 600 2402 Φ
626 2362 754 2415 <hoyo
777 2362 829 2414 B)
859 2363 938 2402 AB
971 2358 1184 2404 seniohut
1213 2374 1333 2417 yoye
1356 2366 1436 2404 DE
1551 2366 1576 2403 5
1609 2360 1814 2427 sepisent

138 2419 263 2463 idest
294 2418 518 2462 atebenus
535 2421 619 2460 AB
652 2417 880 2474 sepiseent
905 2420 1142 2462 aterernus
1166 2421 1238 2476 (rn
1259 2434 1315 2464 ex
1337 2418 1387 2463 ln
1402 2426 1452 2476 1),
1478 2418 1741 2463 aterelzmis
1756 2422 1810 2477 Ε)

138 2484 218 2521 DE
343 2481 367 2520 7
394 2479 527 2520 senta
556 2476 680 2520 idest
703 2475 911 2534 atepiten
934 2479 1058 2534 (-oen
1080 2479 1133 2535 B)
1155 2482 1235 2520 AB
1285 2477 1636 2535 sentaatapioen
1658 2484 1738 2522 DE

141 2542 194 2580 11
235 2537 342 2581 add.
382 2540 549 2578 ABDE
700 2540 754 2579 13
792 2535 915 2580 idest
953 2538 1115 2580 aeente
1154 2537 1259 2581 add.
1291 2541 1370 2580 AB
1426 2539 1586 2581 asente
1614 2542 1694 2580 ΒΕ

139 2599 196 2639 15
233 2595 359 2639 idest
398 2593 623 2638 asentatir
662 2593 767 2650 (-cir
796 2597 848 2651 B)
887 2595 992 2639 add.
1025 2599 1104 2638 AB
1158 2595 1388 2653 tepissent
1416 2611 1444 2640 a
1490 2598 1703 2640 sentacer
1732 2601 1811 2640 DE

143 2657 196 2697 17
236 2653 449 2698 sentinen
487 2652 612 2697 idest
649 2652 855 2697 aterceni
892 2656 1031 2710 (-oem
1060 2656 1111 2711 B)
1134 2659 1214 2698 AB
1269 2668 1433 2699 senner
1472 2654 1644 2699 atelem
1672 2660 1752 2698 DE

143 2716 198 2756 18
227 2726 404 2756 uacuus
435 2713 523 2757 des.
548 2717 620 2755 PR
762 2717 817 2756 19
850 2714 958 2756 sunt
980 2717 1018 2756 A
1167 2719 1223 2758 20
1252 2716 1410 2771 partes
1443 2728 1525 2759 om.
1551 2718 1671 2756 ABG
1698 2714 1705 2772 1
1734 2714 1814 2758 de-

138 2774 449 2815 monstramus
475 2777 554 2815 DE
660 2776 714 2814 21
739 2770 886 2828 igitur
914 2774 1071 2829 partes
1101 2772 1268 2830 plenae
1293 2778 1372 2816 DE
1471 2778 1526 2816 22
1558 2772 1664 2816 VIH
1685 2777 1811 2816 Ant

143 2829 151 2888 Ι
179 2829 291 2886 ergb
322 2845 381 2875 uo
404 2834 483 2885 AB
516 2830 779 2887 (herket-ua
810 2834 1002 2889 aeyypt.)
1092 2836 1147 2875 26
1179 2831 1264 2875 VH
1286 2832 1378 2890 Bc]
1410 2831 1473 2875 VI
1496 2836 1533 2874 A
1563 2831 1669 2875 VIII
1692 2837 1772 2875 DE
1801 2831 1810 2891 Ι

143 2887 334 2931 chenem
357 2895 386 2931 c·
418 2889 594 2934 chenen
616 2895 695 2932 DE
