2014 3202
216 114 325 166 278
766 112 993 157 FIRMICI
1022 113 1086 157 IV
1110 118 1180 170 25,
1205 126 1320 158 4—5.

218 237 456 286 tractatu
487 233 673 302 partili
706 233 957 286 debemus
991 233 1170 286 omnia
1202 233 1410 285 ratione
1442 235 1690 286 tractare.
1729 233 1896 294 Unde,

219 308 415 359 iterum
462 310 515 359 te
555 311 717 375 atque
764 307 960 359 iterum
1005 306 1175 359 isdem
1216 305 1725 359 commonitionibus
1764 324 1884 360 con-

217 381 475 449 venimus7
505 383 582 448 ut,
615 380 1093 449 quotienscumque
1126 383 1329 433 tractas
1363 379 1680 449 genituram,
1704 383 1883 434 totum

215 454 420 522 pariter
471 453 671 506 decreti
723 471 914 522 corpus
963 453 1219 522 inspicias
1271 457 1326 506 et
1374 454 1552 505 omnia
1599 472 1663 506 ex
1701 454 1884 524 singu-

215 528 407 579 larum‘
432 527 712 578 stellarum
751 527 1048 579 radiatione
1089 545 1401 596 componaS,
1439 527 1681 579 1000111111
1721 527 1882 581 etiam
1929 547 1950 581 5

215 619 276 653 ac
329 600 567 669 partium
621 600 910 669 diligenter
963 600 1218 668 inspicias
1272 603 1621 669 potestatem,
1683 601 1775 653 sed
1829 605 1883 654 et
1997 612 2001 660 l

215 673 494 743 signorum
554 677 804 726 naturam
867 692 987 726 cum
1041 674 1282 726 locorum
1336 673 1689 743 qualitatibus
1744 692 1884 728 com·
1999 676 2001 729 ἶ

214 765 370 816 pares
382 790 396 816 ‚
449 747 782 800 conditiones
837 747 1002 799 etiam
1046 747 1301 815 inspicias
1350 747 1650 815 stellarum,
1697 766 1882 801 cursus
1998 768 2014 827 17

215 821 380 873 etiam
417 821 621 889 pariter
660 839 721 873 ac
760 820 961 873 formas
995 823 1049 872 et
1081 820 1426 873 defluctiones
1460 821 1883 874 coniunctiones-

215 910 317 963 que
357 893 555 947 Lunae.
634 893 722 947 Sic
762 895 924 958 enim,
977 912 1341 964 quaecumque
1381 894 1711 963 tractaveriS,
1749 895 1881 964 †vel
1907 915 1950 946 10
1999 923 2002 953 2

214 968 394 1021 locum
432 967 726 1021 verissimis
765 968 967 1037 poteris
1008 968 1272 1037 explicare
1315 967 1622 1036 sententiis,
1668 968 1714 1020 si
1750 968 1883 1022 haec
1999 994 2002 1023 t

165 1042 200 1093 5
219 1042 399 1094 omnia
431 1042 702 1094 sollertiae
735 1042 918 1111 sagaci
948 1041 1365 1111 investigatione
1391 1041 1684 1112 collegeris.
1725 1041 1884 1096 Nunc
1998 1040 2003 1103 ὲ

217 1115 460 1167 residuus
500 1118 763 1168 tractatus
805 1116 870 1167 ad
909 1115 1084 1184 quinti
1122 1115 1249 1168 libri
1295 1115 1560 1184 principia
1598 1115 1884 1168 transfera-
2000 1123 2002 1138 ¹

215 1192 327 1259 tur,
374 1192 437 1241 ut
484 1188 765 1257 explicatis
815 1189 1063 1242 omnibus
1107 1192 1267 1258 atque
1308 1188 1622 1241 monstratis
1663 1189 1729 1241 ad
1766 1207 1884 1258 par-

211 1262 331 1314 tilia
378 1263 764 1331 apotelesmata
816 1267 870 1315 et
918 1264 984 1315 ad
1039 1262 1268 1315 sfaeram
1322 1262 1661 1315 barbaricam
1708 1263 1881 1315 omnis
1907 1281 1949 1313 15

216 1336 388 1388 oratio
429 1336 801 1389 transferatur.

361 1501 383 1538 1
416 1498 571 1539 tractu
594 1496 696 1538 D¹E
725 1498 730 1551 Ι
759 1495 914 1539 omnia
946 1510 1026 1540 om.
1053 1501 1132 1539 DE
1164 1495 1289 1539 omni
1312 1500 1386 1538 Ac
1485 1501 1510 1538 2
1544 1497 1684 1551 atque
1714 1494 1884 1539 iterum

210 1555 258 1597 te
281 1558 359 1596 AB
388 1555 394 1612 Ι
423 1554 807 1597 commotionibus
831 1560 910 1597 DE
1032 1560 1057 1598 3
1090 1555 1161 1613 ut]
1195 1557 1243 1598 et
1273 1555 1373 1597 D¹E
1402 1556 1407 1612 Ι
1435 1557 1658 1621 tractans,
1687 1568 1798 1598 corr.

210 1614 360 1656 totam
383 1618 417 1655 Ε
537 1618 565 1656 4
597 1612 799 1678 corporis
822 1615 879 1655 D¹
888 1619 923 1655 Ε
966 1616 971 1668 Ι
1015 1615 1062 1657 et
1093 1613 1313 1657 omnia—
1324 1618 1349 1656 6
1381 1613 1602 1670 inspicias
1634 1627 1715 1657 om
1742 1613 1799 1655 D¹
1808 1618 1843 1656 Ε

211 1671 366 1715 omnia
397 1685 479 1715 om.
506 1677 533 1713 c
654 1676 679 1714 5
711 1671 906 1727 ratione,
938 1685 1048 1716 corr.
1075 1690 1101 1716 κ
1230 1677 1254 1715 7
1286 1674 1503 1715 naturam
1534 1673 1578 1729 σ]
1617 1671 1881 1738 genituram

209 1735 288 1772 DE
335 1729 551 1786 genitura
573 1734 692 1772 ABc
807 1735 832 1773 9
866 1730 1145 1774 defluxiones
1169 1734 1207 1772 A
1245 1730 1535 1774 definitiones
1559 1735 1638 1772 DE
1753 1734 1808 1772 10
1841 1730 1880 1773 si

208 1788 267 1831 11¹
294 1789 299 1846 Ι
327 1788 398 1832 vel
429 1789 582 1832 locum
611 1790 694 1832 del.
720 1789 809 1832 vid.
836 1790 960 1834 lectio
983 1790 1171 1833 varians
1195 1790 1256 1832 acl
1279 1790 1595 1845 praecedentia
1627 1789 1672 1845 (l.
1692 1791 1720 1832 5
1743 1789 1847 1832 vel7
1862 1790 1879 1846 )

209 1848 410 1903 ascripta
502 1852 555 1890 14
582 1847 642 1890 ad
657 1848 712 1905 Ε]
732 1861 785 1890 ac
877 1852 931 1890 15
958 1850 1005 1891 et
1028 1862 1108 1892 om.
1135 1852 1167 1890 B
1269 1853 1322 1891 16
1346 1847 1654 1891 transferatur
1677 1847 1824 1890 oratio
1842 1852 1880 1890 A

207 1905 329 1949 ratio
356 1911 471 1949 CDE
518 1908 681 1950 subscr.
708 1906 815 1949 Iulii
845 1905 1033 1949 Firmici
1056 1905 1257 1950 Materni
1286 1905 1482 1949 Iunioris
1505 1905 1606 1950 Viri
1635 1905 1879 1949 clarissimi

207 1965 470 2009 Matheseos
519 1964 710 2021 explicit
755 1965 874 2009 liber
919 1967 1110 2020 quartus
1145 1967 1261 2022 (exp.
1296 1980 1370 2021 qu.
1403 1965 1431 2009 l.
1464 1981 1523 2009 m.
1556 1966 1607 2021 B)
1632 1969 1709 2007 AB
1770 1964 1878 2007 Iulii

208 2023 409 2068 Materni
439 2023 625 2067 Firmici
657 2023 747 2067 uiri
779 2023 1032 2068 consularis
1064 2024 1183 2068 liber
1213 2027 1405 2080 quartus
1429 2023 1629 2083 ¹explicit
1650 2030 1685 2066 E
