<?xml version="1.0" encoding="UTF-8"?>
<!DOCTYPE html PUBLIC "-//W3C//DTD XHTML 1.0 Transitional//EN"
    "http://www.w3.org/TR/xhtml1/DTD/xhtml1-transitional.dtd">
<html xmlns="http://www.w3.org/1999/xhtml" xml:lang="en" lang="en">
 <head>
  <title>
</title>
<meta http-equiv="Content-Type" content="text/html;charset=utf-8" />
  <meta name='ocr-system' content='tesseract 3.04.00' />
  <meta name='ocr-capabilities' content='ocr_page ocr_carea ocr_par ocr_line ocrx_word'/>
</head>
<body>
  <div class='ocr_page' id='page_1' title='image "./matheseoslibrivi01firmuoft_0048.png"; bbox 0 0 2014 3202; ppageno 0'>
   <div class='ocr_carea' id='block_1_1' title="bbox 196 137 1146 189">
    <p class='ocr_par' dir='ltr' id='par_1_1' title="bbox 196 137 1146 189">
     <span class='ocr_line' id='line_1_1' title="bbox 196 137 1146 189; baseline -0.007 0"><span class='ocrx_word' id='word_1_1' title='bbox 196 137 265 189; x_wconf 76' lang='lat'><strong>32</strong></span> <span class='ocrx_word' id='word_1_2' title='bbox 897 170 900 171; x_wconf 13' lang='grc' dir='ltr'><em>γ</em></span> <span class='ocrx_word' id='word_1_3' title='bbox 917 137 1146 182; x_wconf 76' lang='lat' dir='ltr'><strong><em>FIRMICI</em></strong></span> 
     </span>
    </p>
   </div>
   <div class='ocr_carea' id='block_1_2' title="bbox 197 257 1869 328">
    <p class='ocr_par' dir='ltr' id='par_1_2' title="bbox 197 257 1869 328">
     <span class='ocr_line' id='line_1_2' title="bbox 197 257 1869 328; baseline 0.001 -17"><span class='ocrx_word' id='word_1_4' title='bbox 197 277 253 311; x_wconf 92' lang='lat' dir='ltr'><strong>se</strong></span> <span class='ocrx_word' id='word_1_5' title='bbox 274 257 762 328; x_wconf 72' lang='lat' dir='ltr'><strong>argumentationis</strong></span> <span class='ocrx_word' id='word_1_6' title='bbox 789 257 1018 325; x_wconf 86' lang='lat' dir='ltr'><strong>extollit,</strong></span> <span class='ocrx_word' id='word_1_7' title='bbox 1042 262 1117 327; x_wconf 94' lang='lat' dir='ltr'><strong>ut,</strong></span> <span class='ocrx_word' id='word_1_8' title='bbox 1135 277 1256 311; x_wconf 92' lang='lat' dir='ltr'><strong>cum</strong></span> <span class='ocrx_word' id='word_1_9' title='bbox 1279 258 1393 312; x_wconf 83' lang='lat' dir='ltr'><strong>fato</strong></span> <span class='ocrx_word' id='word_1_10' title='bbox 1413 258 1869 312; x_wconf 84' lang='lat' dir='ltr'><strong>animadvertendi</strong></span> 
     </span>
    </p>
   </div>
   <div class='ocr_carea' id='block_1_3' title="bbox 197 331 2007 400">
    <p class='ocr_par' dir='ltr' id='par_1_3' title="bbox 197 331 2007 400">
     <span class='ocr_line' id='line_1_3' title="bbox 197 331 2007 400; baseline 0.002 -17"><span class='ocrx_word' id='word_1_11' title='bbox 197 332 589 400; x_wconf 90' lang='lat' dir='ltr'><strong>quodammodo</strong></span> <span class='ocrx_word' id='word_1_12' title='bbox 646 331 922 383; x_wconf 72' lang='lat' dir='ltr'>licentiam</span> <span class='ocrx_word' id='word_1_13' title='bbox 978 332 1185 384; x_wconf 89' lang='lat' dir='ltr'><strong>tribuat</strong></span> <span class='ocrx_word' id='word_1_14' title='bbox 1249 335 1304 385; x_wconf 91' lang='lat' dir='ltr'><strong>et</strong></span> <span class='ocrx_word' id='word_1_15' title='bbox 1357 332 1527 385; x_wconf 91' lang='lat' dir='ltr'><strong>totius</strong></span> <span class='ocrx_word' id='word_1_16' title='bbox 1579 333 1867 400; x_wconf 87' lang='lat' dir='ltr'><strong>potestatis</strong></span> <span class='ocrx_word' id='word_1_17' title='bbox 1914 371 1917 375; x_wconf 78' lang='lat'><strong>,</strong></span> <span class='ocrx_word' id='word_1_18' title='bbox 2000 393 2007 400; x_wconf 47' lang='grc'><strong><em>,</em></strong></span> 
     </span>
    </p>
   </div>
   <div class='ocr_carea' id='block_1_4' title="bbox 145 403 2001 2464">
    <p class='ocr_par' dir='ltr' id='par_1_4' title="bbox 145 403 2001 2464">
     <span class='ocr_line' id='line_1_4' title="bbox 196 403 1869 477; baseline 0.001 -19"><span class='ocrx_word' id='word_1_19' title='bbox 196 405 450 458; x_wconf 90' lang='lat' dir='ltr'><strong>concedat</strong></span> <span class='ocrx_word' id='word_1_20' title='bbox 489 405 789 474; x_wconf 89' lang='lat' dir='ltr'><strong>imperium,</strong></span> <span class='ocrx_word' id='word_1_21' title='bbox 826 403 882 457; x_wconf 93' lang='lat' dir='ltr'><strong>id</strong></span> <span class='ocrx_word' id='word_1_22' title='bbox 922 406 1066 474; x_wconf 90' lang='lat' dir='ltr'><strong>quod</strong></span> <span class='ocrx_word' id='word_1_23' title='bbox 1104 406 1279 458; x_wconf 90' lang='lat' dir='ltr'><strong>minus</strong></span> <span class='ocrx_word' id='word_1_24' title='bbox 1313 410 1397 459; x_wconf 93' lang='lat' dir='ltr'><strong>est</strong></span> <span class='ocrx_word' id='word_1_25' title='bbox 1429 406 1478 458; x_wconf 90' lang='lat' dir='ltr'><strong>ei</strong></span> <span class='ocrx_word' id='word_1_26' title='bbox 1511 407 1752 477; x_wconf 87' lang='lat' dir='ltr'><strong>deneget,</strong></span> <span class='ocrx_word' id='word_1_27' title='bbox 1791 425 1869 460; x_wconf 87' lang='lat' dir='ltr'><strong>re-</strong></span> 
     </span>
     <span class='ocr_line' id='line_1_5' title="bbox 145 477 1868 548; baseline 0 -15"><span class='ocrx_word' id='word_1_28' title='bbox 145 478 355 548; x_wconf 80' lang='lat' dir='ltr'><strong>5gendi</strong></span> <span class='ocrx_word' id='word_1_29' title='bbox 396 479 602 532; x_wconf 88' lang='lat' dir='ltr'><strong>scilicet</strong></span> <span class='ocrx_word' id='word_1_30' title='bbox 648 477 882 531; x_wconf 89' lang='lat' dir='ltr'><strong>hominis</strong></span> <span class='ocrx_word' id='word_1_31' title='bbox 929 482 1242 547; x_wconf 68' lang='lat' dir='ltr'><strong>potestates,</strong></span> <span class='ocrx_word' id='word_1_32' title='bbox 1323 478 1380 532; x_wconf 84' lang='lat' dir='ltr'><strong>Si</strong></span> <span class='ocrx_word' id='word_1_33' title='bbox 1418 483 1729 548; x_wconf 87' lang='lat' dir='ltr'><strong>procreatos</strong></span> <span class='ocrx_word' id='word_1_34' title='bbox 1767 498 1868 533; x_wconf 93' lang='lat' dir='ltr'><strong>nos</strong></span> 
     </span>
     <span class='ocr_line' id='line_1_6' title="bbox 195 552 1935 622; baseline 0.001 -17"><span class='ocrx_word' id='word_1_35' title='bbox 195 552 369 605; x_wconf 88' lang='lat' dir='ltr'><strong>fatum</strong></span> <span class='ocrx_word' id='word_1_36' title='bbox 399 552 650 622; x_wconf 82' lang='lat' dir='ltr'><strong>producit</strong></span> <span class='ocrx_word' id='word_1_37' title='bbox 681 552 738 603; x_wconf 91' lang='lat' dir='ltr'><strong>in</strong></span> <span class='ocrx_word' id='word_1_38' title='bbox 769 552 943 604; x_wconf 90' lang='lat' dir='ltr'><strong>lucem</strong></span> <span class='ocrx_word' id='word_1_39' title='bbox 976 556 1031 604; x_wconf 92' lang='lat' dir='ltr'><strong>et</strong></span> <span class='ocrx_word' id='word_1_40' title='bbox 1063 554 1129 605; x_wconf 89' lang='lat' dir='ltr'><strong>ad</strong></span> <span class='ocrx_word' id='word_1_41' title='bbox 1160 557 1399 606; x_wconf 89' lang='lat' dir='ltr'><strong>terrenas</strong></span> <span class='ocrx_word' id='word_1_42' title='bbox 1437 554 1869 607; x_wconf 82' lang='lat' dir='ltr'><strong>conversationes</strong></span> <span class='ocrx_word' id='word_1_43' title='bbox 1916 574 1935 607; x_wconf 85' lang='lat'><strong>5</strong></span> 
     </span>
     <span class='ocr_line' id='line_1_7' title="bbox 194 625 2001 696; baseline 0.001 -17"><span class='ocrx_word' id='word_1_44' title='bbox 194 627 534 679; x_wconf 86' lang='lat' dir='ltr'><strong>venientibus</strong></span> <span class='ocrx_word' id='word_1_45' title='bbox 574 625 884 678; x_wconf 90' lang='lat' dir='ltr'><strong>hominibus</strong></span> <span class='ocrx_word' id='word_1_46' title='bbox 925 626 1066 678; x_wconf 85' lang='lat' dir='ltr'><strong>vitae</strong></span> <span class='ocrx_word' id='word_1_47' title='bbox 1110 626 1299 679; x_wconf 89' lang='lat' dir='ltr'><strong>ianuas</strong></span> <span class='ocrx_word' id='word_1_48' title='bbox 1338 628 1549 696; x_wconf 87' lang='lat' dir='ltr'><strong>pandit,</strong></span> <span class='ocrx_word' id='word_1_49' title='bbox 1603 626 1649 679; x_wconf 95' lang='lat' dir='ltr'><strong>si</strong></span> <span class='ocrx_word' id='word_1_50' title='bbox 1695 627 1866 696; x_wconf 91' lang='lat' dir='ltr'><strong>ipsius</strong></span> <span class='ocrx_word' id='word_1_51' title='bbox 1999 631 2001 634; x_wconf 50' lang='lat'><strong>⁴</strong></span> 
     </span>
     <span class='ocr_line' id='line_1_8' title="bbox 195 699 1866 770; baseline 0.001 -17"><span class='ocrx_word' id='word_1_52' title='bbox 195 704 293 770; x_wconf 88' lang='lat' dir='ltr'><strong>est,</strong></span> <span class='ocrx_word' id='word_1_53' title='bbox 333 700 472 752; x_wconf 85' lang='lat' dir='ltr'><strong>sicut</strong></span> <span class='ocrx_word' id='word_1_54' title='bbox 509 700 615 768; x_wconf 91' lang='lat' dir='ltr'><strong>ipsi</strong></span> <span class='ocrx_word' id='word_1_55' title='bbox 656 699 996 769; x_wconf 88' lang='lat' dir='ltr'><strong>confitentur,</strong></span> <span class='ocrx_word' id='word_1_56' title='bbox 1035 700 1290 769; x_wconf 86' lang='lat' dir='ltr'><strong>quicquid</strong></span> <span class='ocrx_word' id='word_1_57' title='bbox 1329 719 1360 753; x_wconf 94' lang='lat' dir='ltr'><strong>a</strong></span> <span class='ocrx_word' id='word_1_58' title='bbox 1397 701 1555 754; x_wconf 90' lang='lat' dir='ltr'><strong>nobis</strong></span> <span class='ocrx_word' id='word_1_59' title='bbox 1596 701 1866 770; x_wconf 88' lang='lat' dir='ltr'><strong>completo</strong></span> 
     </span>
     <span class='ocr_line' id='line_1_9' title="bbox 195 773 1867 844; baseline 0.001 -19"><span class='ocrx_word' id='word_1_60' title='bbox 195 774 338 826; x_wconf 90' lang='lat' dir='ltr'><strong>vitae</strong></span> <span class='ocrx_word' id='word_1_61' title='bbox 395 791 556 826; x_wconf 90' lang='lat' dir='ltr'><strong>cursu</strong></span> <span class='ocrx_word' id='word_1_62' title='bbox 609 774 930 826; x_wconf 84' lang='lat' dir='ltr'><strong>necessitate</strong></span> <span class='ocrx_word' id='word_1_63' title='bbox 987 774 1179 826; x_wconf 90' lang='lat' dir='ltr'><strong>mortis</strong></span> <span class='ocrx_word' id='word_1_64' title='bbox 1235 774 1494 844; x_wconf 87' lang='lat' dir='ltr'><strong>exigitur,</strong></span> <span class='ocrx_word' id='word_1_65' title='bbox 1550 774 1595 827; x_wconf 90' lang='lat' dir='ltr'><strong>si</strong></span> <span class='ocrx_word' id='word_1_66' title='bbox 1649 773 1867 827; x_wconf 90' lang='lat' dir='ltr'><strong>initium</strong></span> 
     </span>
     <span class='ocr_line' id='line_1_10' title="bbox 194 847 1866 917; baseline 0.001 -18"><span class='ocrx_word' id='word_1_67' title='bbox 194 848 352 900; x_wconf 89' lang='lat' dir='ltr'><strong>nobis</strong></span> <span class='ocrx_word' id='word_1_68' title='bbox 391 847 658 915; x_wconf 89' lang='lat' dir='ltr'><strong>finemque</strong></span> <span class='ocrx_word' id='word_1_69' title='bbox 689 847 901 899; x_wconf 85' lang='lat' dir='ltr'><strong>vivendi</strong></span> <span class='ocrx_word' id='word_1_70' title='bbox 941 847 1124 900; x_wconf 89' lang='lat' dir='ltr'><strong>fatalis</strong></span> <span class='ocrx_word' id='word_1_71' title='bbox 1157 847 1293 917; x_wconf 85' lang='lat' dir='ltr'><strong>legis</strong></span> <span class='ocrx_word' id='word_1_72' title='bbox 1324 848 1616 902; x_wconf 84' lang='lat' dir='ltr'><strong>necessitas</strong></span> <span class='ocrx_word' id='word_1_73' title='bbox 1657 849 1866 916; x_wconf 88' lang='lat' dir='ltr'><strong>statuit,</strong></span> 
     </span>
     <span class='ocr_line' id='line_1_11' title="bbox 197 920 1934 991; baseline 0.001 -18"><span class='ocrx_word' id='word_1_74' title='bbox 197 921 325 989; x_wconf 90' lang='lat' dir='ltr'><strong>quid</strong></span> <span class='ocrx_word' id='word_1_75' title='bbox 357 924 439 973; x_wconf 88' lang='lat' dir='ltr'><strong>est</strong></span> <span class='ocrx_word' id='word_1_76' title='bbox 471 921 629 990; x_wconf 91' lang='lat' dir='ltr'><strong>aliud,</strong></span> <span class='ocrx_word' id='word_1_77' title='bbox 663 922 806 989; x_wconf 89' lang='lat' dir='ltr'><strong>quod</strong></span> <span class='ocrx_word' id='word_1_78' title='bbox 835 939 945 974; x_wconf 89' lang='lat' dir='ltr'><strong>non</strong></span> <span class='ocrx_word' id='word_1_79' title='bbox 977 921 1050 973; x_wconf 90' lang='lat' dir='ltr'><strong>sit</strong></span> <span class='ocrx_word' id='word_1_80' title='bbox 1080 920 1282 976; x_wconf 82' lang='lat' dir='ltr'><strong>ineius</strong></span> <span class='ocrx_word' id='word_1_81' title='bbox 1313 922 1552 990; x_wconf 89' lang='lat' dir='ltr'><strong>positum</strong></span> <span class='ocrx_word' id='word_1_82' title='bbox 1584 925 1866 991; x_wconf 85' lang='lat' dir='ltr'><strong>potestate,</strong></span> <span class='ocrx_word' id='word_1_83' title='bbox 1892 944 1934 976; x_wconf 89' lang='lat'><strong>10</strong></span> 
     </span>
     <span class='ocr_line' id='line_1_12' title="bbox 196 994 1869 1064; baseline 0.001 -18"><span class='ocrx_word' id='word_1_84' title='bbox 196 1012 318 1047; x_wconf 89' lang='lat' dir='ltr'><strong>cum</strong></span> <span class='ocrx_word' id='word_1_85' title='bbox 358 998 413 1047; x_wconf 91' lang='lat' dir='ltr'><strong>et</strong></span> <span class='ocrx_word' id='word_1_86' title='bbox 450 995 609 1046; x_wconf 93' lang='lat' dir='ltr'><strong>initia</strong></span> <span class='ocrx_word' id='word_1_87' title='bbox 647 996 788 1047; x_wconf 88' lang='lat' dir='ltr'><strong>vitae</strong></span> <span class='ocrx_word' id='word_1_88' title='bbox 819 1013 915 1064; x_wconf 90' lang='lat' dir='ltr'><strong>per</strong></span> <span class='ocrx_word' id='word_1_89' title='bbox 945 994 1119 1047; x_wconf 80' lang='lat' dir='ltr'><strong>fatum</strong></span> <span class='ocrx_word' id='word_1_90' title='bbox 1150 995 1491 1048; x_wconf 88' lang='lat' dir='ltr'><strong>nascentibus</strong></span> <span class='ocrx_word' id='word_1_91' title='bbox 1525 995 1869 1049; x_wconf 84' lang='lat' dir='ltr'><strong>conferantur</strong></span> 
     </span>
     <span class='ocr_line' id='line_1_13' title="bbox 196 1068 1868 1138; baseline 0.001 -17"><span class='ocrx_word' id='word_1_92' title='bbox 196 1072 251 1121; x_wconf 94' lang='lat' dir='ltr'><strong>et</strong></span> <span class='ocrx_word' id='word_1_93' title='bbox 290 1068 402 1121; x_wconf 87' lang='lat' dir='ltr'><strong>dies</strong></span> <span class='ocrx_word' id='word_1_94' title='bbox 442 1069 633 1121; x_wconf 86' lang='lat' dir='ltr'><strong>mortis</strong></span> <span class='ocrx_word' id='word_1_95' title='bbox 665 1069 894 1137; x_wconf 89' lang='lat' dir='ltr'><strong>finisque</strong></span> <span class='ocrx_word' id='word_1_96' title='bbox 925 1068 1138 1121; x_wconf 84' lang='lat' dir='ltr'><strong>vivendi</strong></span> <span class='ocrx_word' id='word_1_97' title='bbox 1170 1069 1397 1122; x_wconf 89' lang='lat' dir='ltr'><strong>decretis</strong></span> <span class='ocrx_word' id='word_1_98' title='bbox 1428 1069 1598 1138; x_wconf 92' lang='lat' dir='ltr'><strong>ipsius</strong></span> <span class='ocrx_word' id='word_1_99' title='bbox 1635 1087 1696 1122; x_wconf 89' lang='lat' dir='ltr'><strong>ac</strong></span> <span class='ocrx_word' id='word_1_100' title='bbox 1734 1070 1868 1122; x_wconf 90' lang='lat' dir='ltr'><strong>iudi-</strong></span> 
     </span>
     <span class='ocr_line' id='line_1_14' title="bbox 149 1142 1869 1212; baseline 0 -17"><span class='ocrx_word' id='word_1_101' title='bbox 149 1142 296 1195; x_wconf 79' lang='lat' dir='ltr'><strong>ssciis</strong></span> <span class='ocrx_word' id='word_1_102' title='bbox 334 1142 691 1194; x_wconf 80' lang='lat' dir='ltr'><strong>terminetur?</strong></span> <span class='ocrx_word' id='word_1_103' title='bbox 752 1143 892 1196; x_wconf 88' lang='lat' dir='ltr'><strong>Ecce</strong></span> <span class='ocrx_word' id='word_1_104' title='bbox 932 1142 1023 1194; x_wconf 92' lang='lat' dir='ltr'><strong>ille</strong></span> <span class='ocrx_word' id='word_1_105' title='bbox 1061 1143 1299 1195; x_wconf 93' lang='lat' dir='ltr'><strong>nondum</strong></span> <span class='ocrx_word' id='word_1_106' title='bbox 1332 1143 1568 1212; x_wconf 87' lang='lat' dir='ltr'><strong>eorporis</strong></span> <span class='ocrx_word' id='word_1_107' title='bbox 1609 1142 1869 1196; x_wconf 89' lang='lat' dir='ltr'><strong>deforma-</strong></span> 
     </span>
     <span class='ocr_line' id='line_1_15' title="bbox 195 1215 1868 1285; baseline 0.001 -18"><span class='ocrx_word' id='word_1_108' title='bbox 195 1215 341 1268; x_wconf 84' lang='lat' dir='ltr'><strong>tione</strong></span> <span class='ocrx_word' id='word_1_109' title='bbox 384 1216 652 1285; x_wconf 90' lang='lat' dir='ltr'><strong>completa</strong></span> <span class='ocrx_word' id='word_1_110' title='bbox 689 1215 748 1268; x_wconf 88' lang='lat' dir='ltr'><strong>in</strong></span> <span class='ocrx_word' id='word_1_111' title='bbox 786 1217 1044 1269; x_wconf 86' lang='lat' dir='ltr'><strong>maternis</strong></span> <span class='ocrx_word' id='word_1_112' title='bbox 1076 1216 1371 1269; x_wconf 85' lang='lat' dir='ltr'><strong>visceribus</strong></span> <span class='ocrx_word' id='word_1_113' title='bbox 1410 1217 1682 1269; x_wconf 91' lang='lat' dir='ltr'><strong>inmatura</strong></span> <span class='ocrx_word' id='word_1_114' title='bbox 1722 1217 1868 1270; x_wconf 83' lang='lat' dir='ltr'><strong>festi-</strong></span> 
     </span>
     <span class='ocr_line' id='line_1_16' title="bbox 193 1289 1981 1360; baseline 0.002 -19"><span class='ocrx_word' id='word_1_115' title='bbox 193 1289 410 1343; x_wconf 87' lang='lat' dir='ltr'><strong>natione</strong></span> <span class='ocrx_word' id='word_1_116' title='bbox 472 1290 856 1360; x_wconf 81' lang='lat' dir='ltr'><strong>praemoritur3</strong></span> <span class='ocrx_word' id='word_1_117' title='bbox 925 1290 1080 1342; x_wconf 91' lang='lat' dir='ltr'><strong>illum</strong></span> <span class='ocrx_word' id='word_1_118' title='bbox 1142 1290 1411 1359; x_wconf 88' lang='lat' dir='ltr'><strong>completa</strong></span> <span class='ocrx_word' id='word_1_119' title='bbox 1479 1290 1867 1343; x_wconf 84' lang='lat' dir='ltr'><strong>deformatione</strong></span> <span class='ocrx_word' id='word_1_120' title='bbox 1894 1311 1934 1347; x_wconf 87' lang='lat'><strong>15</strong></span> <span class='ocrx_word' id='word_1_121' title='bbox 1979 1295 1981 1298; x_wconf 50' lang='lat'><em>⁴</em></span> 
     </span>
     <span class='ocr_line' id='line_1_17' title="bbox 195 1363 1870 1434; baseline 0 -18"><span class='ocrx_word' id='word_1_122' title='bbox 195 1365 435 1432; x_wconf 87' lang='lat' dir='ltr'><strong>corporis</strong></span> <span class='ocrx_word' id='word_1_123' title='bbox 476 1367 530 1415; x_wconf 92' lang='lat' dir='ltr'><strong>et</strong></span> <span class='ocrx_word' id='word_1_124' title='bbox 568 1364 677 1416; x_wconf 91' lang='lat' dir='ltr'><strong>iam</strong></span> <span class='ocrx_word' id='word_1_125' title='bbox 716 1368 1084 1416; x_wconf 90' lang='lat' dir='ltr'><strong>maternorum</strong></span> <span class='ocrx_word' id='word_1_126' title='bbox 1128 1364 1395 1417; x_wconf 87' lang='lat' dir='ltr'><strong>viscerum</strong></span> <span class='ocrx_word' id='word_1_127' title='bbox 1435 1363 1701 1434; x_wconf 88' lang='lat' dir='ltr'><strong>angustiis</strong></span> <span class='ocrx_word' id='word_1_128' title='bbox 1741 1363 1870 1417; x_wconf 88' lang='lat' dir='ltr'><strong>libe-</strong></span> 
     </span>
     <span class='ocr_line' id='line_1_18' title="bbox 195 1437 1871 1508; baseline 0.001 -20"><span class='ocrx_word' id='word_1_129' title='bbox 195 1440 375 1490; x_wconf 90' lang='lat' dir='ltr'><strong>ratum</strong></span> <span class='ocrx_word' id='word_1_130' title='bbox 427 1437 610 1490; x_wconf 84' lang='lat' dir='ltr'><strong>vitalis</strong></span> <span class='ocrx_word' id='word_1_131' title='bbox 674 1437 897 1506; x_wconf 88' lang='lat' dir='ltr'><strong>spiritus</strong></span> <span class='ocrx_word' id='word_1_132' title='bbox 953 1457 1084 1490; x_wconf 90' lang='lat' dir='ltr'><strong>aura</strong></span> <span class='ocrx_word' id='word_1_133' title='bbox 1135 1456 1245 1490; x_wconf 90' lang='lat' dir='ltr'><strong>non</strong></span> <span class='ocrx_word' id='word_1_134' title='bbox 1299 1441 1539 1508; x_wconf 83' lang='lat' dir='ltr'><strong>vegetat3</strong></span> <span class='ocrx_word' id='word_1_135' title='bbox 1606 1437 1761 1490; x_wconf 92' lang='lat' dir='ltr'><strong>illum</strong></span> <span class='ocrx_word' id='word_1_136' title='bbox 1810 1438 1871 1490; x_wconf 92' lang='lat' dir='ltr'><strong>in</strong></span> 
     </span>
     <span class='ocr_line' id='line_1_19' title="bbox 194 1510 1870 1578; baseline 0.001 -16"><span class='ocrx_word' id='word_1_137' title='bbox 194 1510 384 1578; x_wconf 90' lang='lat' dir='ltr'><strong>primis</strong></span> <span class='ocrx_word' id='word_1_138' title='bbox 435 1512 578 1563; x_wconf 86' lang='lat' dir='ltr'><strong>vitae</strong></span> <span class='ocrx_word' id='word_1_139' title='bbox 624 1511 963 1563; x_wconf 89' lang='lat' dir='ltr'><strong>incunabulis</strong></span> <span class='ocrx_word' id='word_1_140' title='bbox 1011 1511 1368 1564; x_wconf 90' lang='lat' dir='ltr'><strong>constitutum</strong></span> <span class='ocrx_word' id='word_1_141' title='bbox 1408 1512 1551 1564; x_wconf 90' lang='lat' dir='ltr'><strong>inter</strong></span> <span class='ocrx_word' id='word_1_142' title='bbox 1588 1511 1745 1564; x_wconf 92' lang='lat' dir='ltr'><strong>initia</strong></span> <span class='ocrx_word' id='word_1_143' title='bbox 1781 1530 1870 1564; x_wconf 85' lang='lat' dir='ltr'><strong>va-</strong></span> 
     </span>
     <span class='ocr_line' id='line_1_20' title="bbox 196 1583 1868 1655; baseline 0.001 -20"><span class='ocrx_word' id='word_1_144' title='bbox 196 1584 394 1653; x_wconf 91' lang='lat' dir='ltr'><strong>gientis</strong></span> <span class='ocrx_word' id='word_1_145' title='bbox 419 1584 677 1637; x_wconf 83' lang='lat' dir='ltr'><strong>infantiae</strong></span> <span class='ocrx_word' id='word_1_146' title='bbox 702 1584 960 1654; x_wconf 83' lang='lat' dir='ltr'><strong>fugientis</strong></span> <span class='ocrx_word' id='word_1_147' title='bbox 987 1585 1195 1651; x_wconf 82' lang='lat' dir='ltr'><strong>animae</strong></span> <span class='ocrx_word' id='word_1_148' title='bbox 1220 1583 1417 1637; x_wconf 88' lang='lat' dir='ltr'><strong>deserit</strong></span> <span class='ocrx_word' id='word_1_149' title='bbox 1448 1585 1582 1655; x_wconf 78' lang='lat' dir='ltr'><strong>vita3</strong></span> <span class='ocrx_word' id='word_1_150' title='bbox 1613 1584 1704 1637; x_wconf 92' lang='lat' dir='ltr'><strong>ille</strong></span> <span class='ocrx_word' id='word_1_151' title='bbox 1734 1603 1868 1654; x_wconf 89' lang='lat' dir='ltr'><strong>puer</strong></span> 
     </span>
     <span class='ocr_line' id='line_1_21' title="bbox 165 1656 1934 1728; baseline 0.001 -19"><span class='ocrx_word' id='word_1_152' title='bbox 165 1656 492 1727; x_wconf 56' lang='lat' dir='ltr'><strong>&#39;fragilitate</strong></span> <span class='ocrx_word' id='word_1_153' title='bbox 546 1659 820 1728; x_wconf 88' lang='lat' dir='ltr'><strong>deceptus,</strong></span> <span class='ocrx_word' id='word_1_154' title='bbox 873 1658 965 1710; x_wconf 89' lang='lat' dir='ltr'><strong>ille</strong></span> <span class='ocrx_word' id='word_1_155' title='bbox 1020 1658 1129 1710; x_wconf 89' lang='lat' dir='ltr'><strong>iam</strong></span> <span class='ocrx_word' id='word_1_156' title='bbox 1181 1658 1524 1727; x_wconf 88' lang='lat' dir='ltr'><strong>pubescentis</strong></span> <span class='ocrx_word' id='word_1_157' title='bbox 1571 1659 1765 1711; x_wconf 90' lang='lat' dir='ltr'><strong>aetatis</strong></span> <span class='ocrx_word' id='word_1_158' title='bbox 1813 1662 1867 1711; x_wconf 93' lang='lat' dir='ltr'><strong>et</strong></span> <span class='ocrx_word' id='word_1_159' title='bbox 1891 1681 1934 1712; x_wconf 79' lang='lat'><strong>20</strong></span> 
     </span>
     <span class='ocr_line' id='line_1_22' title="bbox 195 1732 1866 1802; baseline 0.001 -19"><span class='ocrx_word' id='word_1_160' title='bbox 195 1733 302 1784; x_wconf 90' lang='lat' dir='ltr'><strong>iam</strong></span> <span class='ocrx_word' id='word_1_161' title='bbox 343 1733 409 1784; x_wconf 92' lang='lat' dir='ltr'><strong>ad</strong></span> <span class='ocrx_word' id='word_1_162' title='bbox 449 1750 634 1785; x_wconf 88' lang='lat' dir='ltr'><strong>omnes</strong></span> <span class='ocrx_word' id='word_1_163' title='bbox 672 1733 816 1785; x_wconf 86' lang='lat' dir='ltr'><strong>vitae</strong></span> <span class='ocrx_word' id='word_1_164' title='bbox 850 1736 1018 1802; x_wconf 79' lang='lat' dir='ltr'><strong>actuS,</strong></span> <span class='ocrx_word' id='word_1_165' title='bbox 1058 1749 1190 1800; x_wconf 89' lang='lat' dir='ltr'><strong>quos</strong></span> <span class='ocrx_word' id='word_1_166' title='bbox 1221 1732 1382 1800; x_wconf 91' lang='lat' dir='ltr'><strong>paulo</strong></span> <span class='ocrx_word' id='word_1_167' title='bbox 1415 1735 1538 1784; x_wconf 90' lang='lat' dir='ltr'><strong>ante</strong></span> <span class='ocrx_word' id='word_1_168' title='bbox 1571 1732 1783 1784; x_wconf 87' lang='lat' dir='ltr'><strong>dicebat</strong></span> <span class='ocrx_word' id='word_1_169' title='bbox 1809 1733 1866 1784; x_wconf 92' lang='lat' dir='ltr'><strong>in</strong></span> 
     </span>
     <span class='ocr_line' id='line_1_23' title="bbox 172 1804 1865 1876; baseline 0.001 -19"><span class='ocrx_word' id='word_1_170' title='bbox 172 1807 381 1867; x_wconf 21' lang='lat' dir='ltr'><strong>&#39;nostra</strong></span> <span class='ocrx_word' id='word_1_171' title='bbox 404 1805 613 1874; x_wconf 91' lang='lat' dir='ltr'><strong>positos</strong></span> <span class='ocrx_word' id='word_1_172' title='bbox 638 1808 923 1876; x_wconf 86' lang='lat' dir='ltr'><strong>potestate,</strong></span> <span class='ocrx_word' id='word_1_173' title='bbox 953 1806 1166 1875; x_wconf 87' lang='lat' dir='ltr'><strong>integra</strong></span> <span class='ocrx_word' id='word_1_174' title='bbox 1199 1804 1499 1875; x_wconf 84' lang='lat' dir='ltr'><strong>magisterii</strong></span> <span class='ocrx_word' id='word_1_175' title='bbox 1522 1805 1865 1858; x_wconf 88' lang='lat' dir='ltr'><strong>institutione</strong></span> 
     </span>
     <span class='ocr_line' id='line_1_24' title="bbox 197 1879 1867 1948; baseline 0 -16"><span class='ocrx_word' id='word_1_176' title='bbox 197 1880 527 1948; x_wconf 91' lang='lat' dir='ltr'><strong>compositus</strong></span> <span class='ocrx_word' id='word_1_177' title='bbox 588 1879 780 1932; x_wconf 89' lang='lat' dir='ltr'><strong>mortis</strong></span> <span class='ocrx_word' id='word_1_178' title='bbox 835 1879 1114 1948; x_wconf 89' lang='lat' dir='ltr'><strong>repentino</strong></span> <span class='ocrx_word' id='word_1_179' title='bbox 1170 1897 1296 1932; x_wconf 87' lang='lat' dir='ltr'><strong>casu</strong></span> <span class='ocrx_word' id='word_1_180' title='bbox 1355 1879 1714 1948; x_wconf 84' lang='lat' dir='ltr'><strong>subtrahitur3</strong></span> <span class='ocrx_word' id='word_1_181' title='bbox 1774 1879 1867 1932; x_wconf 89' lang='lat' dir='ltr'><strong>ille</strong></span> 
     </span>
     <span class='ocr_line' id='line_1_25' title="bbox 195 1952 1867 2022; baseline 0.001 -16"><span class='ocrx_word' id='word_1_182' title='bbox 195 1970 322 2006; x_wconf 88' lang='lat' dir='ltr'><strong>vero</strong></span> <span class='ocrx_word' id='word_1_183' title='bbox 363 1953 573 2006; x_wconf 85' lang='lat' dir='ltr'><strong>vivendi</strong></span> <span class='ocrx_word' id='word_1_184' title='bbox 618 1953 930 2022; x_wconf 86' lang='lat' dir='ltr'><strong>prolixitate</strong></span> <span class='ocrx_word' id='word_1_185' title='bbox 979 1952 1124 2005; x_wconf 91' lang='lat' dir='ltr'><strong>omni</strong></span> <span class='ocrx_word' id='word_1_186' title='bbox 1161 1971 1328 2021; x_wconf 90' lang='lat' dir='ltr'><strong>paene</strong></span> <span class='ocrx_word' id='word_1_187' title='bbox 1380 1971 1539 2005; x_wconf 90' lang='lat' dir='ltr'><strong>sensu</strong></span> <span class='ocrx_word' id='word_1_188' title='bbox 1578 1971 1762 2005; x_wconf 89' lang='lat' dir='ltr'><strong>carens</strong></span> <span class='ocrx_word' id='word_1_189' title='bbox 1803 1971 1867 2008; x_wconf 86' lang='lat' dir='ltr'><strong>ac</strong></span> 
     </span>
     <span class='ocr_line' id='line_1_26' title="bbox 196 2026 1932 2097; baseline 0.001 -18"><span class='ocrx_word' id='word_1_190' title='bbox 196 2027 474 2079; x_wconf 85' lang='lat' dir='ltr'><strong>voluntate</strong></span> <span class='ocrx_word' id='word_1_191' title='bbox 500 2031 555 2079; x_wconf 93' lang='lat' dir='ltr'><strong>et</strong></span> <span class='ocrx_word' id='word_1_192' title='bbox 579 2027 687 2080; x_wconf 92' lang='lat' dir='ltr'><strong>iam</strong></span> <span class='ocrx_word' id='word_1_193' title='bbox 707 2027 982 2097; x_wconf 85' lang='lat' dir='ltr'><strong>vergentis</strong></span> <span class='ocrx_word' id='word_1_194' title='bbox 1016 2026 1209 2079; x_wconf 90' lang='lat' dir='ltr'><strong>aetatis</strong></span> <span class='ocrx_word' id='word_1_195' title='bbox 1235 2044 1296 2079; x_wconf 86' lang='lat' dir='ltr'><strong>ac</strong></span> <span class='ocrx_word' id='word_1_196' title='bbox 1319 2026 1548 2079; x_wconf 86' lang='lat' dir='ltr'><strong>vitiosae</strong></span> <span class='ocrx_word' id='word_1_197' title='bbox 1574 2026 1864 2080; x_wconf 87' lang='lat' dir='ltr'><strong>senectutis</strong></span> <span class='ocrx_word' id='word_1_198' title='bbox 1890 2047 1932 2080; x_wconf 84' lang='lat'><strong>25</strong></span> 
     </span>
     <span class='ocr_line' id='line_1_27' title="bbox 195 2100 1868 2171; baseline 0.001 -19"><span class='ocrx_word' id='word_1_199' title='bbox 195 2100 461 2153; x_wconf 83' lang='lat' dir='ltr'><strong>invalidus</strong></span> <span class='ocrx_word' id='word_1_200' title='bbox 500 2101 700 2154; x_wconf 85' lang='lat' dir='ltr'><strong>invitus</strong></span> <span class='ocrx_word' id='word_1_201' title='bbox 740 2101 963 2171; x_wconf 89' lang='lat' dir='ltr'><strong>longam</strong></span> <span class='ocrx_word' id='word_1_202' title='bbox 1009 2119 1070 2153; x_wconf 90' lang='lat' dir='ltr'><strong>ac</strong></span> <span class='ocrx_word' id='word_1_203' title='bbox 1116 2101 1414 2153; x_wconf 88' lang='lat' dir='ltr'><strong>taediosam</strong></span> <span class='ocrx_word' id='word_1_204' title='bbox 1460 2101 1594 2153; x_wconf 92' lang='lat' dir='ltr'><strong>lucis</strong></span> <span class='ocrx_word' id='word_1_205' title='bbox 1635 2101 1868 2153; x_wconf 87' lang='lat' dir='ltr'><strong>sustinet</strong></span> 
     </span>
     <span class='ocr_line' id='line_1_28' title="bbox 149 2173 1867 2244; baseline 0.001 -19"><span class='ocrx_word' id='word_1_206' title='bbox 149 2173 178 2224; x_wconf 83' lang='lat'><strong>7</strong></span> <span class='ocrx_word' id='word_1_207' title='bbox 199 2174 478 2226; x_wconf 87' lang='lat' dir='ltr'><strong>sarcinam.</strong></span> <span class='ocrx_word' id='word_1_208' title='bbox 523 2173 654 2235; x_wconf 81' lang='lat' dir='ltr'><strong>Quis</strong></span> <span class='ocrx_word' id='word_1_209' title='bbox 688 2177 784 2242; x_wconf 91' lang='lat' dir='ltr'><strong>est,</strong></span> <span class='ocrx_word' id='word_1_210' title='bbox 816 2175 907 2244; x_wconf 90' lang='lat' dir='ltr'><strong>qui</strong></span> <span class='ocrx_word' id='word_1_211' title='bbox 935 2177 1027 2226; x_wconf 93' lang='lat' dir='ltr'><strong>aut</strong></span> <span class='ocrx_word' id='word_1_212' title='bbox 1050 2173 1203 2226; x_wconf 91' lang='lat' dir='ltr'><strong>illum</strong></span> <span class='ocrx_word' id='word_1_213' title='bbox 1233 2192 1342 2226; x_wconf 92' lang='lat' dir='ltr'><strong>non</strong></span> <span class='ocrx_word' id='word_1_214' title='bbox 1365 2177 1554 2226; x_wconf 91' lang='lat' dir='ltr'><strong>natum</strong></span> <span class='ocrx_word' id='word_1_215' title='bbox 1585 2178 1680 2226; x_wconf 92' lang='lat' dir='ltr'><strong>aut</strong></span> <span class='ocrx_word' id='word_1_216' title='bbox 1710 2174 1867 2226; x_wconf 92' lang='lat' dir='ltr'><strong>illum</strong></span> 
     </span>
     <span class='ocr_line' id='line_1_29' title="bbox 194 2244 1866 2316; baseline 0.001 -18"><span class='ocrx_word' id='word_1_217' title='bbox 194 2247 369 2315; x_wconf 89' lang='lat' dir='ltr'><strong>primo</strong></span> <span class='ocrx_word' id='word_1_218' title='bbox 409 2249 606 2301; x_wconf 82' lang='lat' dir='ltr'><strong>natalis</strong></span> <span class='ocrx_word' id='word_1_219' title='bbox 640 2249 724 2301; x_wconf 91' lang='lat' dir='ltr'><strong>die</strong></span> <span class='ocrx_word' id='word_1_220' title='bbox 764 2253 859 2301; x_wconf 89' lang='lat' dir='ltr'><strong>aut</strong></span> <span class='ocrx_word' id='word_1_221' title='bbox 896 2244 1054 2300; x_wconf 88' lang='lat' dir='ltr'><strong>illum</strong></span> <span class='ocrx_word' id='word_1_222' title='bbox 1087 2250 1212 2316; x_wconf 85' lang='lat' dir='ltr'><strong>post</strong></span> <span class='ocrx_word' id='word_1_223' title='bbox 1260 2248 1541 2316; x_wconf 79' lang='lat' dir='ltr'><strong>paululum</strong></span> <span class='ocrx_word' id='word_1_224' title='bbox 1581 2252 1673 2300; x_wconf 90' lang='lat' dir='ltr'><strong>aut</strong></span> <span class='ocrx_word' id='word_1_225' title='bbox 1711 2247 1866 2299; x_wconf 89' lang='lat' dir='ltr'><strong>illum</strong></span> 
     </span>
     <span class='ocr_line' id='line_1_30' title="bbox 195 2321 1866 2390; baseline 0 -18"><span class='ocrx_word' id='word_1_226' title='bbox 195 2321 441 2373; x_wconf 84' lang='lat' dir='ltr'><strong>iuvenem</strong></span> <span class='ocrx_word' id='word_1_227' title='bbox 473 2325 566 2373; x_wconf 90' lang='lat' dir='ltr'><strong>aut</strong></span> <span class='ocrx_word' id='word_1_228' title='bbox 597 2322 751 2374; x_wconf 90' lang='lat' dir='ltr'><strong>illum</strong></span> <span class='ocrx_word' id='word_1_229' title='bbox 784 2339 965 2374; x_wconf 92' lang='lat' dir='ltr'><strong>senem</strong></span> <span class='ocrx_word' id='word_1_230' title='bbox 990 2321 1224 2390; x_wconf 88' lang='lat' dir='ltr'><strong>applicat</strong></span> <span class='ocrx_word' id='word_1_231' title='bbox 1247 2322 1447 2373; x_wconf 79' lang='lat' dir='ltr'><strong>morti?</strong></span> <span class='ocrx_word' id='word_1_232' title='bbox 1498 2321 1741 2374; x_wconf 84' lang='lat' dir='ltr'><strong>Inveniat</strong></span> <span class='ocrx_word' id='word_1_233' title='bbox 1773 2321 1866 2372; x_wconf 90' lang='lat' dir='ltr'><strong>ali-</strong></span> 
     </span>
     <span class='ocr_line' id='line_1_31' title="bbox 198 2393 1931 2464; baseline 0.001 -18"><span class='ocrx_word' id='word_1_234' title='bbox 198 2394 346 2462; x_wconf 91' lang='lat' dir='ltr'><strong>quid,</strong></span> <span class='ocrx_word' id='word_1_235' title='bbox 394 2395 535 2462; x_wconf 88' lang='lat' dir='ltr'><strong>quod</strong></span> <span class='ocrx_word' id='word_1_236' title='bbox 582 2413 889 2464; x_wconf 82' lang='lat' dir='ltr'><strong>sequamur3</strong></span> <span class='ocrx_word' id='word_1_237' title='bbox 935 2394 1195 2462; x_wconf 85' lang='lat' dir='ltr'><strong>inveniat,</strong></span> <span class='ocrx_word' id='word_1_238' title='bbox 1244 2395 1386 2463; x_wconf 92' lang='lat' dir='ltr'><strong>quod</strong></span> <span class='ocrx_word' id='word_1_239' title='bbox 1431 2413 1530 2447; x_wconf 92' lang='lat' dir='ltr'><strong>nos</strong></span> <span class='ocrx_word' id='word_1_240' title='bbox 1579 2394 1752 2463; x_wconf 91' lang='lat' dir='ltr'><strong>possit</strong></span> <span class='ocrx_word' id='word_1_241' title='bbox 1788 2393 1863 2446; x_wconf 90' lang='lat' dir='ltr'><strong>in·</strong></span> <span class='ocrx_word' id='word_1_242' title='bbox 1889 2416 1931 2448; x_wconf 81' lang='lat'><strong>30</strong></span> 
     </span>
    </p>
   </div>
   <div class='ocr_carea' id='block_1_5' title="bbox 197 2567 1870 2977">
    <p class='ocr_par' dir='ltr' id='par_1_5' title="bbox 197 2567 1870 2977">
     <span class='ocr_line' id='line_1_32' title="bbox 346 2567 1862 2625; baseline 0.001 -14"><span class='ocrx_word' id='word_1_243' title='bbox 346 2573 367 2611; x_wconf 94' lang='lat'>1</span> <span class='ocrx_word' id='word_1_244' title='bbox 403 2569 457 2611; x_wconf 95' lang='lat' dir='ltr'><strong>ut</strong></span> <span class='ocrx_word' id='word_1_245' title='bbox 486 2582 568 2612; x_wconf 87' lang='lat' dir='ltr'><strong>om.</strong></span> <span class='ocrx_word' id='word_1_246' title='bbox 603 2573 637 2616; x_wconf 84' lang='lat' dir='ltr'><strong>Q.</strong></span> <span class='ocrx_word' id='word_1_247' title='bbox 756 2574 781 2611; x_wconf 83' lang='lat'><strong>2</strong></span> <span class='ocrx_word' id='word_1_248' title='bbox 813 2568 993 2613; x_wconf 90' lang='lat' dir='ltr'><strong>tribuat</strong></span> <span class='ocrx_word' id='word_1_249' title='bbox 1023 2584 1103 2614; x_wconf 87' lang='lat' dir='ltr'><strong>om.</strong></span> <span class='ocrx_word' id='word_1_250' title='bbox 1137 2573 1182 2612; x_wconf 71' lang='grc' dir='ltr'>Μ</span> <span class='ocrx_word' id='word_1_251' title='bbox 1299 2573 1327 2611; x_wconf 83' lang='grc'>4</span> <span class='ocrx_word' id='word_1_252' title='bbox 1359 2568 1490 2612; x_wconf 88' lang='lat' dir='ltr'><strong>-licet</strong></span> <span class='ocrx_word' id='word_1_253' title='bbox 1519 2570 1605 2613; x_wconf 69' lang='lat' dir='ltr'><strong>ine.</strong></span> <span class='ocrx_word' id='word_1_254' title='bbox 1631 2573 1670 2610; x_wconf 82' lang='lat' dir='ltr'><strong>B.</strong></span> <span class='ocrx_word' id='word_1_255' title='bbox 1698 2569 1733 2623; x_wconf 79' lang='lat' dir='ltr'><strong>f.</strong></span> <span class='ocrx_word' id='word_1_256' title='bbox 1763 2571 1822 2612; x_wconf 67' lang='lat'><strong>21</strong></span> <span class='ocrx_word' id='word_1_257' title='bbox 1857 2567 1862 2625; x_wconf 79' lang='grc' dir='ltr'>Ι</span> 
     </span>
     <span class='ocr_line' id='line_1_33' title="bbox 197 2626 1868 2685; baseline -0.001 -15"><span class='ocrx_word' id='word_1_258' title='bbox 197 2628 480 2683; x_wconf 89' lang='lat' dir='ltr'><strong>potestatem</strong></span> <span class='ocrx_word' id='word_1_259' title='bbox 509 2641 565 2671; x_wconf 75' lang='grc' dir='ltr'><strong>κσ</strong></span> <span class='ocrx_word' id='word_1_260' title='bbox 671 2632 694 2670; x_wconf 84' lang='lat'>7</span> <span class='ocrx_word' id='word_1_261' title='bbox 729 2627 957 2684; x_wconf 87' lang='lat' dir='ltr'><strong>quidquid</strong></span> <span class='ocrx_word' id='word_1_262' title='bbox 987 2633 1026 2671; x_wconf 82' lang='lat' dir='ltr'>R</span> <span class='ocrx_word' id='word_1_263' title='bbox 1127 2632 1154 2671; x_wconf 90' lang='grc'>8</span> <span class='ocrx_word' id='word_1_264' title='bbox 1185 2626 1307 2670; x_wconf 87' lang='lat' dir='ltr'><strong>vita-e</strong></span> <span class='ocrx_word' id='word_1_265' title='bbox 1339 2641 1420 2671; x_wconf 85' lang='lat' dir='ltr'><strong>om.</strong></span> <span class='ocrx_word' id='word_1_266' title='bbox 1456 2632 1490 2676; x_wconf 76' lang='lat' dir='ltr'>Q</span> <span class='ocrx_word' id='word_1_267' title='bbox 1532 2629 1537 2685; x_wconf 89' lang='grc' dir='ltr'>Ι</span> <span class='ocrx_word' id='word_1_268' title='bbox 1586 2626 1793 2670; x_wconf 90' lang='lat' dir='ltr'><strong>siinitum</strong></span> <span class='ocrx_word' id='word_1_269' title='bbox 1823 2631 1868 2668; x_wconf 71' lang='grc' dir='ltr'><strong>Η</strong></span> 
     </span>
     <span class='ocr_line' id='line_1_34' title="bbox 201 2684 1868 2744; baseline 0 -16"><span class='ocrx_word' id='word_1_270' title='bbox 201 2691 253 2728; x_wconf 92' lang='grc'><strong>11</strong></span> <span class='ocrx_word' id='word_1_271' title='bbox 287 2685 582 2729; x_wconf 88' lang='lat' dir='ltr'><strong>conferantur</strong></span> <span class='ocrx_word' id='word_1_272' title='bbox 613 2686 666 2744; x_wconf 77' lang='lat' dir='ltr'><strong>Q]</strong></span> <span class='ocrx_word' id='word_1_273' title='bbox 706 2686 945 2730; x_wconf 87' lang='lat' dir='ltr'><strong>conferant</strong></span> <span class='ocrx_word' id='word_1_274' title='bbox 1073 2692 1128 2730; x_wconf 87' lang='lat'><strong>14</strong></span> <span class='ocrx_word' id='word_1_275' title='bbox 1159 2685 1409 2730; x_wconf 89' lang='lat' dir='ltr'><strong>immatura</strong></span> <span class='ocrx_word' id='word_1_276' title='bbox 1438 2691 1525 2728; x_wconf 76' lang='lat' dir='ltr'><strong>MP</strong></span> <span class='ocrx_word' id='word_1_277' title='bbox 1637 2690 1691 2729; x_wconf 88' lang='grc'><strong>16</strong></span> <span class='ocrx_word' id='word_1_278' title='bbox 1724 2684 1868 2729; x_wconf 88' lang='lat' dir='ltr'><strong>etiam</strong></span> 
     </span>
     <span class='ocr_line' id='line_1_35' title="bbox 197 2743 1864 2799; baseline 0 -12"><span class='ocrx_word' id='word_1_279' title='bbox 197 2745 270 2788; x_wconf 82' lang='lat' dir='ltr'><strong>hic</strong></span> <span class='ocrx_word' id='word_1_280' title='bbox 306 2751 347 2788; x_wconf 83' lang='lat' dir='ltr'><strong>et</strong></span> <span class='ocrx_word' id='word_1_281' title='bbox 385 2749 453 2788; x_wconf 89' lang='grc'><strong>20.</strong></span> <span class='ocrx_word' id='word_1_282' title='bbox 489 2750 543 2788; x_wconf 86' lang='grc'><strong>25</strong></span> <span class='ocrx_word' id='word_1_283' title='bbox 582 2746 675 2799; x_wconf 79' lang='lat' dir='ltr'><strong>fere</strong></span> <span class='ocrx_word' id='word_1_284' title='bbox 713 2745 819 2788; x_wconf 80' lang='lat' dir='ltr'><strong>libri</strong></span> <span class='ocrx_word' id='word_1_285' title='bbox 968 2750 1021 2788; x_wconf 86' lang='grc'><strong>19</strong></span> <span class='ocrx_word' id='word_1_286' title='bbox 1061 2745 1210 2789; x_wconf 91' lang='lat' dir='ltr'><strong>uitam</strong></span> <span class='ocrx_word' id='word_1_287' title='bbox 1245 2749 1354 2793; x_wconf 83' lang='lat' dir='ltr'><strong>PRQ,</strong></span> <span class='ocrx_word' id='word_1_288' title='bbox 1502 2749 1554 2788; x_wconf 94' lang='grc'><strong>21</strong></span> <span class='ocrx_word' id='word_1_289' title='bbox 1597 2744 1784 2787; x_wconf 89' lang='lat' dir='ltr'><strong>dicebas</strong></span> <span class='ocrx_word' id='word_1_290' title='bbox 1815 2743 1864 2786; x_wconf 83' lang='lat' dir='ltr'><strong>A‘</strong></span> 
     </span>
     <span class='ocr_line' id='line_1_36' title="bbox 199 2802 1866 2862; baseline 0.002 -17"><span class='ocrx_word' id='word_1_291' title='bbox 199 2807 254 2845; x_wconf 84' lang='lat'><strong>23</strong></span> <span class='ocrx_word' id='word_1_292' title='bbox 288 2803 385 2846; x_wconf 91' lang='lat' dir='ltr'><strong>cisu</strong></span> <span class='ocrx_word' id='word_1_293' title='bbox 415 2809 472 2845; x_wconf 75' lang='lat' dir='ltr'><strong>Pa</strong></span> <span class='ocrx_word' id='word_1_294' title='bbox 513 2804 519 2862; x_wconf 86' lang='grc' dir='ltr'>Ι</span> <span class='ocrx_word' id='word_1_295' title='bbox 562 2802 819 2847; x_wconf 89' lang='lat' dir='ltr'><strong>subtraitur</strong></span> <span class='ocrx_word' id='word_1_296' title='bbox 850 2808 884 2851; x_wconf 77' lang='lat' dir='ltr'><strong>Q</strong></span> <span class='ocrx_word' id='word_1_297' title='bbox 997 2803 1059 2847; x_wconf 78' lang='grc'><strong>’28</strong></span> <span class='ocrx_word' id='word_1_298' title='bbox 1090 2802 1262 2848; x_wconf 91' lang='lat' dir='ltr'><strong>natalis</strong></span> <span class='ocrx_word' id='word_1_299' title='bbox 1295 2805 1349 2858; x_wconf 80' lang='lat' dir='ltr'><strong>cf.</strong></span> <span class='ocrx_word' id='word_1_300' title='bbox 1375 2804 1457 2847; x_wconf 84' lang='lat' dir='ltr'><strong>IV</strong></span> <span class='ocrx_word' id='word_1_301' title='bbox 1476 2808 1518 2857; x_wconf 91' lang='lat'><strong>1,</strong></span> <span class='ocrx_word' id='word_1_302' title='bbox 1543 2813 1596 2846; x_wconf 92' lang='lat'><strong>10.</strong></span> <span class='ocrx_word' id='word_1_303' title='bbox 1623 2807 1667 2857; x_wconf 81' lang='lat'><strong>8,</strong></span> <span class='ocrx_word' id='word_1_304' title='bbox 1694 2814 1712 2844; x_wconf 93' lang='lat'><em>1</em></span> <span class='ocrx_word' id='word_1_305' title='bbox 1745 2803 1790 2846; x_wconf 82' lang='lat' dir='ltr'><strong>C.</strong></span> <span class='ocrx_word' id='word_1_306' title='bbox 1807 2803 1866 2848; x_wconf 83' lang='lat' dir='ltr'><strong>F.</strong></span> 
     </span>
     <span class='ocr_line' id='line_1_37' title="bbox 206 2861 1870 2917; baseline 0.001 -13"><span class='ocrx_word' id='word_1_307' title='bbox 206 2861 275 2904; x_wconf 91' lang='lat' dir='ltr'><strong>W.</strong></span> <span class='ocrx_word' id='word_1_308' title='bbox 303 2863 499 2906; x_wconf 80' lang='lat' dir='ltr'><strong>Mueller</strong></span> <span class='ocrx_word' id='word_1_309' title='bbox 527 2863 643 2907; x_wconf 80' lang='lat' dir='ltr'><strong><em>Abh.</em></strong></span> <span class='ocrx_word' id='word_1_310' title='bbox 674 2863 707 2917; x_wconf 80' lang='lat' dir='ltr'><strong>f.</strong></span> <span class='ocrx_word' id='word_1_311' title='bbox 734 2862 1061 2907; x_wconf 79' lang='lat' dir='ltr'><strong>Friedlacnder</strong></span> <span class='ocrx_word' id='word_1_312' title='bbox 1093 2866 1182 2907; x_wconf 87' lang='grc'><strong>553</strong></span> <span class='ocrx_word' id='word_1_313' title='bbox 1218 2863 1352 2907; x_wconf 76' lang='lat' dir='ltr'><strong>Arch.</strong></span> <span class='ocrx_word' id='word_1_314' title='bbox 1379 2863 1511 2906; x_wconf 89' lang='lat' dir='ltr'><strong><em>VIII</em></strong></span> <span class='ocrx_word' id='word_1_315' title='bbox 1527 2866 1618 2907; x_wconf 82' lang='lat'><strong>196</strong></span> <span class='ocrx_word' id='word_1_316' title='bbox 1657 2862 1765 2906; x_wconf 83' lang='lat' dir='ltr'><strong>CIL</strong></span> <span class='ocrx_word' id='word_1_317' title='bbox 1787 2862 1870 2905; x_wconf 92' lang='lat' dir='ltr'><strong>IX</strong></span> 
     </span>
     <span class='ocr_line' id='line_1_38' title="bbox 198 2921 1136 2977; baseline 0.003 -15"><span class='ocrx_word' id='word_1_318' title='bbox 198 2921 270 2962; x_wconf 81' lang='lat'><strong>23.</strong></span> <span class='ocrx_word' id='word_1_319' title='bbox 297 2925 326 2963; x_wconf 85' lang='lat'><strong><em>9</em></strong></span> <span class='ocrx_word' id='word_1_320' title='bbox 357 2922 507 2966; x_wconf 72' lang='lat' dir='ltr'><strong>Notiz.</strong></span> <span class='ocrx_word' id='word_1_321' title='bbox 534 2922 575 2966; x_wconf 83' lang='lat' dir='ltr'><strong>d.</strong></span> <span class='ocrx_word' id='word_1_322' title='bbox 600 2936 716 2967; x_wconf 78' lang='lat' dir='ltr'><strong>scav.</strong></span> <span class='ocrx_word' id='word_1_323' title='bbox 742 2925 864 2966; x_wconf 66' lang='lat'><em>1894</em></span> <span class='ocrx_word' id='word_1_324' title='bbox 888 2936 934 2977; x_wconf 76' lang='lat' dir='ltr'><strong>p.</strong></span> <span class='ocrx_word' id='word_1_325' title='bbox 960 2926 1018 2965; x_wconf 78' lang='lat'><strong>21</strong></span> <span class='ocrx_word' id='word_1_326' title='bbox 1053 2923 1079 2966; x_wconf 78' lang='lat' dir='ltr'><strong>l,</strong></span> <span class='ocrx_word' id='word_1_327' title='bbox 1106 2925 1136 2965; x_wconf 87' lang='grc'><strong><em>7</em></strong></span> 
     </span>
    </p>
   </div>
  </div>
 </body>
</html>
