2014 3202
877 108 899 152 Ι
923 113 963 165 2,
990 122 1105 154 1-7,
1807 109 1836 160 7

158 230 406 299 imponit,
436 248 534 284 nec
559 228 764 283 Asiana
786 228 1061 283 lascivitas
1096 229 1280 282 sobria
1303 229 1446 283 Iovis
1471 230 1839 285 moderatione

158 304 476 374 corrigitur,
526 322 625 357 nec
673 302 980 357 Siculorum
1030 321 1257 357 acumen
1308 303 1507 372 frigido
1564 308 1687 357 ortu
1743 304 1841 357 ali-

159 379 373 447 quando
428 376 645 431 Saturni
703 377 1056 447 obtundetur,
1119 396 1217 430 nec
1273 375 1532 446 Syrorum
1587 377 1839 432 avarities

158 451 375 505 lascivis
394 450 619 504 Veneris
652 451 1043 504 radiationibus
1077 454 1426 520 temperatur,
1455 470 1554 504 nec
1578 451 1839 505 Afrorum

24 543 26 546 ·
113 550 135 583 5
160 526 434 579 malitiosa
466 528 770 579 commenta
801 528 857 577 et
887 524 1159 594 bilingues
1193 525 1400 579 animos
1435 526 1671 578 salutare
1695 523 1838 579 Iovis

158 601 303 653 sidus
349 598 631 668 impediet,
682 617 781 651 nec
835 598 1205 667 Hispanorum
1259 600 1572 653 iactantiam
1621 601 1840 669 pigrum

155 674 359 742 poterit
399 671 619 726 Saturni
657 672 840 725 lumen
879 672 1151 742 hebetare,
1189 692 1287 726 nec
1327 671 1591 727 Gallicam
1631 673 1838 726 stolidi-

155 751 327 800 tatem
375 745 628 800 Mercurii
674 747 1138 815 sapientissimum
1185 748 1332 800 sidus
1388 747 1660 801 exacuet.“
1734 746 1888 802 111a5

22 882 26 886 ,
154 839 282 874 vero
337 821 578 889 ipsorum
627 820 770 873 inter
834 838 897 872 ea
948 821 1330 889 potentissima
1384 824 1439 874 et
1490 821 1838 875 vehementer

16 889 31 967 Ξ
86 920 132 952 10
155 898 345 948 contra
381 912 482 948 nos
521 894 702 964 posita
739 894 1014 963 peroratio
1055 898 1161 961 est,
1202 895 1345 962 quod
1385 894 1537 948 aiunt
1576 913 1642 948 ex
1679 895 1838 949 istius

154 969 288 1021 artis
327 969 583 1022 instituto
624 969 807 1022 omnia
845 986 910 1021 ex
941 969 1102 1021 rebus
1134 968 1386 1022 humanis
1425 968 1691 1021 virtutum
1722 969 1838 1022 offi-

155 1041 239 1096 cia
283 1042 431 1110 tolli,
479 1043 526 1095 si
571 1044 935 1111 temperantia
979 1042 1244 1095 fortitudo
1290 1043 1576 1111 prudentia
1623 1043 1838 1110 iustitia

153 1117 436 1170 stellarum
474 1116 703 1169 decretis
713 1157 727 1183 ,
773 1134 883 1169 non
921 1116 1124 1169 nostris
1173 1116 1553 1169 adscribuntur
1590 1117 1837 1170 volunta-

152 1191 324 1259 tibus3
361 1190 471 1242 iam
510 1190 555 1242 si
588 1190 708 1258 quis
742 1190 1019 1243 societatis
1056 1190 1406 1258 caritatisque
1438 1190 1713 1243 vinculum
1746 1209 1836 1244 ru-

0 1279 22 1339 s
84 1287 129 1320 15
151 1264 295 1333 perit
327 1268 382 1316 et
414 1263 812 1317 conciliationis
844 1263 1112 1316 humanae
1151 1265 1271 1316 iura
1301 1264 1603 1333 neglexerit
1636 1267 1837 1318 totum-

154 1355 257 1405 que
306 1356 363 1390 se
411 1337 620 1390 feritati
667 1337 1028 1406 perfidiaeque
1074 1337 1381 1405 tradiderit,
1428 1337 1636 1390 facinus
1678 1356 1836 1391 suum

153 1415 208 1464 et
242 1411 408 1464 animi
446 1429 725 1479 perversas
766 1411 1091 1478 cupiditates
1131 1429 1349 1463 securus
1383 1411 1663 1463 stellarum
1702 1411 1834 1464 iudi-

151 1483 248 1538 ciis
281 1484 567 1538 adscribat.
616 1483 735 1552 „Sit
765 1483 998 1553 iniquus,
1030 1485 1102 1536 sit
1131 1485 1382 1553 perfidUS,
1422 1484 1495 1537 sit
1527 1484 1828 1554 malivolUS,
1848 1488 1881 1540 6

152 1559 225 1610 sit
270 1557 640 1627 inreligiosus,
686 1558 814 1627 quia
860 1559 994 1611 haec
1039 1558 1175 1610 vitia
1223 1559 1366 1611 mala
1411 1558 1667 1612 Mercurii
1706 1577 1830 1612 cum

81 1655 128 1687 20
151 1631 328 1685 Marte
384 1631 610 1699 perfecit
675 1632 1041 1685 constellatio!
1128 1630 1236 1685 Cur
1290 1632 1531 1685 animum
1582 1637 1834 1686 nostrum

149 1705 486 1777 fortitudinis
527 1705 708 1758 studio
749 1707 1088 1772 roboramus,
1141 1725 1235 1759 cur
1274 1710 1454 1759 erecta
1490 1710 1671 1759 mente
1710 1707 1834 1761 sub-

147 1778 372 1848 limique
416 1780 722 1833 constantia
761 1783 816 1832 et
865 1779 1169 1833 divinarum
1208 1780 1474 1833 virtutum
1511 1781 1829 1849 magisterio

147 1853 372 1907 formati
409 1853 467 1906 in
506 1853 714 1907 acerbis
754 1853 969 1906 casibus
1010 1854 1296 1907 constituti
1334 1862 1566 1908 mortem
1599 1854 1832 1909 dolores-

150 1946 252 1995 que
293 1927 703 1995 contemnimuS,
742 1927 789 1980 si
828 1927 1032 1996 gloriae
1071 1927 1287 1981 laudem
1326 1931 1381 1980 et
1419 1928 1830 1996 potentissimae

78 2024 126 2058 2⁵
151 2000 435 2071 dignitatis
481 2001 718 2071 insignia
761 2019 859 2054 nec
907 2002 1287 2070 adpetentibus
1334 2001 1491 2055 nobis
1540 1999 1633 2054 Sol
1682 2000 1827 2055 Iovis

150 2075 293 2128 bona
332 2074 725 2130 coniunctionis
766 2073 1026 2129 societate
1065 2075 1333 2145 largitur?
1395 2074 1620 2128 Frustra
1658 2075 1829 2145 igitur
1849 2077 1878 2126 7

149 2147 375 2203 consilio
415 2167 477 2202 ac
515 2148 724 2202 ratione
764 2147 996 2201 errantis
1037 2149 1202 2203 animi
1243 2148 1375 2202 vitia
1407 2149 1828 2218 comprimimus,

147 2222 351 2276 frustra
404 2222 710 2276 luxuriosas
764 2222 1052 2276 libidinum
1107 2222 1391 2275 illecebras
1447 2225 1827 2292 temperamUS,

147 2297 352 2350 frustra
391 2295 677 2366 gravitatis
709 2297 974 2350 instinctu
1006 2296 1298 2364 aequitatis
1339 2296 1662 2350 modestiam
1688 2298 1828 2350 iura-

16 990 36 1042 ἶ

11 1550 28 1798 *⁶4*aeOEoe

229 2451 231 2453 -
296 2430 318 2469 1
354 2425 545 2482 asciana
573 2431 607 2470 P
717 2432 742 2470 3
777 2425 1006 2470 obtundet
1035 2430 1167 2468 EPV
1194 2426 1201 2484 Ι
1228 2425 1425 2470 sirorum
1456 2431 1535 2476 Qv
1630 2432 1659 2470 4
1692 2426 1827 2470 affro-

145 2500 248 2529 rum
279 2489 358 2534 Qv
494 2490 519 2529 6
553 2485 693 2543 sydus
723 2490 769 2528 Π
799 2487 933 2543 (idem
965 2486 1009 2541 8)
1064 2485 1071 2543 Ι
1126 2485 1443 2542 hyspanorum
1470 2490 1504 2527 P
1641 2490 1664 2528 7
1697 2486 1826 2530 stoli-

146 2546 296 2588 tatem
325 2548 362 2593 Q
542 2549 568 2588 8
599 2544 854 2590 Mercurius
885 2547 1085 2593 MRPQV
1112 2545 1119 2603 Ι
1146 2543 1351 2589 excutiet
1381 2557 1532 2602 neque
1565 2547 1759 2589 exacuet
1791 2548 1826 2593 α

146 2608 172 2647 9
204 2602 385 2647 interea
414 2603 595 2648 diremit
624 2621 651 2647 κ
683 2604 899 2648 dubitans
926 2604 932 2659 Ι
959 2603 1016 2656 cf.
1050 2603 1182 2657 Bon,
1214 2603 1341 2648 stud.
1374 2605 1485 2648 uber
1516 2604 1700 2647 Ptolem.
1732 2606 1825 2649 240

149 2667 203 2705 13
243 2661 527 2718 scribuntur,
559 2676 671 2707 corr.
706 2663 892 2707 Monac.
924 2661 1193 2706 tribuuntur
1222 2661 1270 2704 A'
1302 2663 1307 2716 Ι
1343 2662 1663 2719 uoluptatibus
1694 2665 1824 2710 MPQ

147 2726 203 2765 14
218 2735 328 2765 nam
342 2720 642 2780 vlsocietatis
659 2723 726 2767 bis
743 2725 790 2777 0.,
803 2722 939 2776 prius
961 2721 1044 2765 del.
1138 2726 1192 2766 17
1211 2735 1312 2778 cup.
1330 2735 1457 2778 peru.
1478 2726 1512 2770 Q,
1596 2725 1649 2763 18
1683 2720 1823 2764 ascri-

144 2779 231 2823 bat
259 2784 350 2823 HV
471 2785 525 2824 19
556 2779 842 2837 irreligiosus
873 2783 911 2821 V
938 2780 944 2836 Ι
970 2779 1097 2824 mala
1126 2781 1175 2838 v]
1206 2780 1328 2824 male
1449 2785 1505 2822 24
1537 2779 1823 2836 contempni-

144 2853 246 2884 mus
262 2842 384 2887 PQV
403 2838 410 2897 Ι
432 2838 782 2895 potentissimus
798 2843 868 2881 1⁸
988 2843 1043 2881 25
1069 2839 1398 2895 appetentibus
1417 2843 1507 2882 HV
1599 2843 1654 2881 26
1671 2840 1822 2894 possis

146 2896 369 2942 societate
393 2896 717 2956 (adornatus)
805 2901 859 2940 27
893 2896 1258 2954 comprimuntur
1279 2903 1312 2941 P
1403 2902 1458 2940 29
1483 2896 1741 2954 grauitates
1764 2903 1822 2941 Pa
