2014 3202
845 110 888 153 II
915 116 954 165 7,
977 114 1099 155 3—9.
1749 110 1816 162 51

142 234 324 284 autem
378 232 660 285 dicendum
716 234 822 299 est,
883 231 1027 300 quod
1089 231 1338 283 omnibus
1394 230 1567 283 stellis
1627 234 1822 283 noceat

140 305 390 358 vicinitas
426 304 582 358 Solis.
647 304 877 367 Quidam
915 322 1042 357 vero
1075 303 1265 357 volunt
1295 303 1526 357 Martem
1564 322 1820 373 prospere

142 379 350 445 cadere,
397 396 519 431 cum
560 376 702 431 Solis
742 378 908 430 radiis
951 377 1116 431 fuerit
1156 396 1468 448 oppressus3
1512 378 1817 430 naturalem

141 453 284 505 enim
323 452 589 504 malitiam
630 451 811 505 Solem
850 455 1134 504 veneratus
1175 452 1396 504 amittit.
1464 449 1611 504 Scire
1652 451 1816 504 etiam
1836 454 1868 504 3

96 549 116 580 5
140 526 274 579 illud
310 544 410 579 nos
443 529 673 594 oportet,
713 544 832 578 cum
867 544 972 594 quo
1012 526 1200 578 stellae
1234 525 1531 578 matutinae
1565 525 1816 595 gaudent,

140 618 262 652 cum
286 617 391 668 quo
416 599 776 668 vespertinae3
809 603 938 652 tunc
970 599 1112 651 enim
1137 602 1513 669 proteguntur,
1546 598 1815 668 quotiens·

140 691 365 743 cumque
406 675 672 742 oportuna
711 673 1010 726 radiatione
1051 674 1453 741 praecesserint.
1520 670 1657 726 Cum
1691 671 1816 726 Sole

140 750 347 800 ceterae
387 747 576 799 stellae
615 747 673 799 in
712 746 982 800 matutino
1024 749 1149 799 ortu
1186 747 1516 800 constitutae
1557 747 1816 818 gaudent3

137 823 265 874 tunc
281 839 481 873 numen
500 819 641 874 Solis
661 821 867 889 optima
885 820 1182 874 radiatione
1206 820 1528 891 protegitur,
1546 820 1817 889 quotiens-

74 916 115 947 ιο
140 912 367 963 cumque
408 895 688 947 stellarum
736 895 1004 947 matutino
1054 898 1177 948 ortu
1217 895 1380 947 fuerit
1421 897 1656 947 ornatus,
1733 893 1818 946 In-

10 976 12 979 '
139 967 381 1021 efficaces
410 987 533 1021 vero
560 968 748 1021 stellae
772 967 927 1038 fiunt,
953 969 1201 1038 quotiens
1229 967 1369 1021 Solis
1398 969 1584 1021 orbem
1608 986 1817 1037 vesper-

137 1042 254 1095 tino
289 1046 414 1095 ortu
443 1042 644 1095 fuerint
675 1042 1009 1095 subsecutae.
1070 1042 1134 1095 In
1158 1041 1341 1094 Lunae
1371 1041 1582 1112 positae
1613 1041 1815 1094 lumine

138 1116 251 1168 eius
300 1117 549 1168 maximis
593 1116 985 1168 radiationibus
1031 1119 1415 1186 proteguntur,
1463 1135 1584 1168 cum
1631 1115 1816 1168 orbem

138 1190 252 1242 eius
287 1191 469 1258 aliqua
499 1190 799 1242 radiatione
829 1190 1236 1258 praecesserint.
1298 1188 1438 1251 Quid
1469 1193 1652 1242 autem
1690 1189 1867 1244 stel-4

73 1285 113 1316 15
138 1263 313 1316 larum
345 1264 580 1316 mixtura
612 1265 668 1316 in
692 1263 956 1334 genituris
984 1262 1275 1316 orientium
1304 1267 1570 1332 operetur,
1602 1263 1813 1332 quando

138 1336 328 1390 stellae
367 1337 664 1389 matutinae
705 1337 1024 1407 efficiantur,
1063 1338 1276 1406 quando
1315 1338 1655 1406 vespertinae
1695 1379 1705 1389 .
1732 1379 1742 1388 .
1770 1379 1779 1388 .
1806 1379 1816 1387 .

139 1411 418 1463 ostendere
459 1411 625 1463 etiam
664 1411 933 1478 debemuS,
973 1411 1191 1479 quantis
1232 1429 1262 1462 a
1303 1409 1425 1464 Sole
1467 1410 1658 1464 stellae
1697 1430 1815 1479 par-

138 1484 283 1536 tibus
324 1485 631 1537 recedentes
676 1485 969 1537 matutinae
1010 1484 1331 1537 efficiantur.

138 1660 229 1713 IX.
285 1659 555 1722 QUIBUS
597 1660 963 1715 PARTIBUS
1012 1659 1449 1714 MATUTINAE
1492 1659 1817 1714 STELLAE

71 1772 114 1803 20
484 1749 632 1802 VEL
674 1748 1189 1803 VESPERTINAE
1230 1748 1469 1804 FIANT.

284 1867 698 1937 Explicabimus
739 1867 897 1935 enim,
937 1887 1042 1937 qua
1074 1868 1284 1921 ratione
1322 1867 1673 1937 vespertinae,
1712 1885 1818 1936 qua

142 1959 269 1994 vero
309 1942 605 1995 matutinae
644 1943 793 1994 fiant.
867 1940 1086 1995 Saturni
1125 1942 1283 1995 stella
1322 1961 1443 1995 cum
1483 1960 1515 1994 a
1553 1939 1676 1993 Sole
1715 1939 1816 1992 XV

292 2076 315 2114 1
349 2071 496 2115 omnis
529 2070 744 2115 vicinitas
775 2070 923 2115 stellis
955 2076 989 2115 B
1109 2077 1135 2115 2
1167 2070 1309 2115 Marti
1339 2076 1410 2114 Bc
1441 2070 1583 2114 Marti
1614 2072 1656 2114 Φ
1688 2075 1726 2113 Δ
1756 2071 1815 2126 cf.

140 2130 220 2173 IV
239 2133 314 2184 17,
338 2142 370 2173 9.
398 2142 437 2172 11
557 2136 585 2174 4
625 2130 861 2175 submittit
894 2146 923 2173 v
961 2132 1019 2185 cf.
1047 2145 1093 2186 p.
1120 2134 1193 2185 13,
1222 2143 1260 2172 15
1406 2135 1431 2173 5
1464 2130 1704 2187 gaudeant
1733 2134 1814 2172 ΔΙ)

141 2194 166 2232 6
198 2188 321 2233 enim
345 2192 393 2232 et
417 2195 532 2233 cnr
555 2205 619 2234 au
642 2189 765 2234 enim
789 2189 971 2234 Solem?
998 2190 1004 2248 Ι
1031 2191 1284 2246 protegunt
1306 2196 1341 2232 D
1365 2190 1421 2244 cf.
1440 2190 1532 2232 III
1548 2193 1591 2243 4,
1618 2199 1670 2233 17.
1698 2192 1741 2244 7,
1758 2202 1813 2234 ιν.

140 2252 213 2303 13,
238 2260 280 2289 10
310 2254 387 2294 etc.
542 2253 566 2292 7
597 2248 907 2305 processerint
936 2253 1041 2291 AF⁸
1081 2260 1087 2305 Ι
1130 2250 1178 2291 et
1201 2254 1306 2305 post
1337 2248 1441 2292 Sole
1472 2249 1578 2292 add.
1611 2252 1769 2291 Bcnr
1804 2248 1810 2307 Ι

139 2308 275 2351 Paul.
302 2309 377 2352 Al.
406 2308 443 2351 O
462 2312 491 2351 4
523 2307 547 2352 ὁ
574 2307 656 2363 μὲν
687 2306 814 2365 ἥλιος
837 2307 1121 2363 ἐκληρώσατο
1151 2307 1236 2364 τὴν
1258 2305 1435 2364 ἡμέραν
1465 2307 1546 2351 καὶ
1575 2306 1660 2363 τὴν
1692 2306 1814 2366 ἑῴαν

138 2365 368 2421 ἀνατολήν
403 2403 410 2409 .
439 2404 445 2410 .
476 2402 483 2410 .
516 2367 544 2423 ἡ
578 2366 629 2411 δὲ
668 2366 830 2423 σελήνη
869 2365 1050 2423 λέλογχε
1087 2365 1173 2421 τήν
1206 2382 1255 2410 τε
1294 2366 1438 2411 νύκτα
1478 2367 1557 2410 καὶ
1597 2364 1814 2422 ἑσπερίαν

135 2425 367 2481 ἀνατολήν
533 2431 558 2469 9
589 2426 745 2470 lumen
777 2441 807 2469 v
971 2430 1023 2468 12
1056 2424 1211 2469 lumen
1242 2431 1276 2468 F
1435 2430 1488 2468 13
1519 2425 1747 2469 maximus
1778 2430 1813 2467 F

137 2489 193 2528 14
223 2488 575 2542 praecesserunt
612 2491 646 2528 D
686 2487 743 2540 cf.
779 2485 914 2528 Paul.
950 2485 999 2527 E
1027 2489 1054 2528 3
1096 2484 1120 2528 ὃ
1161 2483 1211 2528 δὲ
1251 2485 1390 2535 αὐτὸς
1427 2482 1596 2539 τρόπος
1635 2486 1731 2541 (qui
1760 2485 1813 2527 in

136 2543 252 2599 Sole)
269 2544 349 2588 καὶ
373 2543 447 2587 ἐπὶ
471 2551 552 2600 τῆς
574 2543 764 2601 σελήνης
786 2544 1145 2599 δραστικώτερος
1167 2545 1246 2588 καὶ
1263 2542 1577 2601 ἐνεργέστερος
1596 2541 1809 2587 νοείσθω.

138 2607 192 2646 15
224 2602 470 2646 orientium
507 2620 535 2646 κ
574 2604 626 2647 cl.
653 2607 733 2657 54,
756 2604 796 2661 2]
838 2601 1058 2646 sortiente
1098 2606 1169 2645 Bc
1217 2603 1444 2647 sentiente
1475 2607 1599 2644 ΔΒΕ
1648 2603 1654 2658 Ι
1704 2615 1811 2657 ope-

135 2663 266 2705 ratur
311 2667 339 2704 c
491 2666 545 2705 16
594 2661 855 2706 efficiuntur
891 2666 969 2703 DF
1015 2660 1272 2706 efficientur
1310 2668 1338 2705 c
1395 2664 1401 2718 Ι
1460 2662 1541 2705 lac.
1582 2661 1741 2705 statuit
1781 2677 1809 2703 κ

139 2724 191 2763 17
224 2720 413 2777 quantis
445 2735 527 2765 om.
561 2725 598 2763 A
623 2724 630 2777 Ι
659 2735 687 2764 a
719 2720 823 2764 Sole
855 2734 936 2763 om.
970 2726 998 2762 c
1026 2721 1032 2777 Ι
1061 2720 1224 2764 stellae
1256 2735 1337 2765 om.
1369 2727 1404 2763 D
1520 2724 1572 2763 18
1606 2718 1811 2762 efficiun-

137 2780 213 2822 tur
234 2784 313 2822 AB
406 2784 459 2822 19
483 2780 618 2824 inser.
636 2794 718 2824 om.
737 2781 789 2822 in
805 2781 887 2823 lac.
906 2785 934 2821 c
962 2779 968 2836 Ι
995 2780 1052 2834 cf.
1078 2780 1201 2823 Ptin.
1228 2781 1291 2823 II
1309 2784 1370 2824 58
1385 2794 1445 2835 sq.
1475 2779 1608 2822 Paul.
1628 2778 1679 2821 E
1697 2781 1730 2821 2
1746 2792 1808 2834 sq.

138 2840 191 2880 21
226 2837 559 2895 explicauimus
590 2844 668 2881 DF
698 2840 802 2893 fort.
827 2843 938 2882 recte
965 2839 972 2893 Ι
1000 2837 1142 2896 enim]
1175 2854 1235 2882 an
1269 2838 1440 2883 etiam?
1534 2842 1588 2880 23
1622 2836 1810 2880 Saturni

141 2901 181 2938 et
211 2909 238 2939 a
270 2896 374 2940 Sole
405 2897 489 2940 XV
521 2911 604 2941 om.
638 2899 688 2940 iu
721 2898 801 2941 lac.
836 2902 864 2939 c
897 2895 1120 2940 Saturnus
1152 2903 1186 2939 F
1214 2900 1219 2955 Ι
1246 2897 1349 2956 XV]
1383 2895 1628 2941 duodecim
1657 2900 1692 2938 F

1483 2973 1543 3014 4*
