2014 3202
799 133 864 177 IV
889 138 958 190 19,
982 145 1141 179 17—24.
1702 133 1807 186 251

133 253 219 306 vel
256 253 314 305 in
351 253 549 307 finibus
587 253 732 307 Iovis
770 253 855 306 vel
892 253 952 305 in
989 253 1274 306 altitudine
1314 271 1411 306 sua
1449 257 1504 306 et
1543 254 1590 307 si
1621 253 1807 308 Venus

136 345 168 379 a
200 325 344 380 Solis
381 327 546 380 radiis
584 326 749 381 fuerit
786 326 1031 380 liberata.
1107 325 1311 389 Quodsi
1351 327 1429 381 sic
1453 326 1664 381 Venere
1703 328 1809 381 col-
1826 328 1896 380 22
1941 356 1944 363 =

133 400 311 454 locata
340 400 640 454 Mercurius
679 403 773 453 aut
810 400 868 452 in
906 400 1064 453 domo
1105 419 1203 453 sua
1240 403 1335 453 aut
1370 401 1427 453 in
1457 401 1655 454 finibus
1696 401 1807 455 suis
1839 429 1844 432 ·

135 478 229 526 aut
280 474 338 526 in
390 475 675 527 altitudine
729 491 826 526 sua
879 477 975 526 aut
1021 474 1078 526 in
1131 474 1290 527 domo
1329 472 1556 527 Veneris
1611 478 1705 527 aut
1749 475 1808 527 in

87 568 109 601 5
133 546 331 600 finibus
376 546 602 600 Veneris
655 547 821 600 fuerit
873 547 1123 600 inventus
1178 551 1233 600 et
1287 547 1359 600 sit
1412 548 1470 600 in
1522 549 1806 617 oportunis

132 620 412 691 geniturae
464 621 599 674 locis
652 621 890 690 posituS,
950 620 1113 674 faciet
1160 624 1376 690 poetaS,
1430 622 1523 674 sed
1577 639 1807 690 quorum

132 695 369 747 carmina
426 694 634 764 fulgido
695 695 901 765 gratiae
964 695 1246 763 splendore
1307 695 1689 764 nobilitantur3
1758 695 1806 748 si

130 785 256 820 vero
301 767 467 820 fuerit
512 768 704 821 diurna
757 767 1030 838 genitura,
1084 767 1323 821 decernit
1369 769 1586 838 quidem
1630 769 1803 822 nihilo

131 840 307 893 minus
345 841 511 910 paria,
550 842 643 894 sed
680 842 812 894 haec
852 842 1032 894 omnia
1071 841 1561 911 quantulacumque
1593 842 1804 896 ratione

21 920 27 921 ⁷
65 937 107 969 10
130 914 395 967 debilitat.
473 913 532 968 Si
569 933 696 968 vero
734 915 900 968 fuerit
935 918 1201 968 nocturna
1239 916 1490 985 genitura
1528 919 1583 968 et
1620 914 1807 969 Satur·

129 1006 231 1041 nus
269 989 327 1041 in
358 987 664 1041 cardinibus
696 989 976 1059 geniturae
1007 989 1219 1058 positus
1243 989 1329 1042 vel
1353 989 1635 1058 oportunis
1667 989 1803 1043 locis

129 1062 294 1114 istam
355 1063 793 1115 commixtionem
853 1063 1094 1132 maligna
1154 1063 1453 1115 radiatione
1507 1063 1805 1131 pulsaverit

130 1135 531 1203 deficientisque
563 1135 745 1189 Lunae
776 1136 956 1189 radios
988 1137 1274 1204 aspexerit,
1314 1139 1508 1201 totum,
1549 1136 1803 1206 quicquid

130 1212 253 1261 ante
285 1209 647 1278 promisimus,
677 1209 982 1279 impeditur.
1045 1209 1104 1262 Si
1135 1228 1261 1263 vero
1286 1208 1470 1263 Venus
1503 1210 1802 1263 dominium
1819 1210 1889 1263 23

62 1305 104 1337 15
127 1286 288 1336 nacta
324 1283 382 1335 in
420 1282 641 1336 deiectis
679 1283 765 1336 vel
802 1283 860 1336 in
896 1283 1068 1352 pigris
1106 1283 1242 1336 locis
1276 1283 1443 1336 fuerit
1473 1284 1707 1352 inventa,
1744 1284 1805 1337 in

131 1354 351 1409 Saturni
394 1356 516 1409 loco
554 1357 640 1409 vel
686 1356 845 1409 domo
882 1357 970 1410 vel
1014 1357 1072 1409 in
1115 1357 1314 1409 finibus
1362 1357 1526 1409 etiam
1566 1355 1804 1427 Saturni,

127 1429 220 1497 <et
250 1429 436 1497 Luna>
472 1430 530 1482 in
569 1429 875 1482 cardinibus
914 1430 1193 1501 geniturae
1232 1431 1414 1499 posita
1451 1449 1547 1499 per
1583 1434 1804 1484 noctem

128 1504 195 1556 ad
235 1502 526 1556 Saturnum
563 1503 786 1572 minuta,
822 1522 919 1573 per
957 1503 1100 1556 diem
1137 1521 1263 1557 vero
1301 1504 1369 1556 ad
1399 1503 1631 1557 Martem
1667 1504 1804 1557 fera-

126 1581 217 1630 tur
251 1577 412 1646 plena
448 1577 767 1642 luminibus,
811 1577 975 1630 faciet
1018 1577 1241 1646 inpuros
1287 1577 1588 1646 impudicos
1625 1577 1803 1630 libidi-

60 1673 103 1705 20
126 1669 290 1704 nosos
322 1652 376 1703 et
409 1650 502 1719 qui
533 1651 770 1703 adsiduis
803 1651 1175 1703 calamitatum
1207 1651 1420 1703 casibus
1452 1651 1804 1720 implicantur

127 1727 180 1776 et
211 1724 306 1793 qui
337 1742 402 1776 ex
432 1724 554 1776 istis
586 1742 831 1777 amorum
854 1723 1241 1793 cupiditatibus
1273 1724 1491 1793 publica
1515 1725 1802 1794 pulsentur

125 1797 348 1850 infamia
398 1797 483 1850 vel
538 1798 631 1867 qui
690 1801 911 1867 propter
971 1797 1208 1850 inlicitas
1270 1796 1591 1867 cupiditates
1644 1798 1802 1868 <vel>

127 1871 378 1924 adulterii
409 1871 613 1924 crimen
642 1871 846 1940 publici
878 1871 1203 1924 discriminis
1234 1871 1487 1940 periculis
1526 1871 1801 1940 implicen-

127 1949 217 1997 tur
239 1947 295 1997 et
315 1945 453 1996 fiant
481 1948 705 2013 propter
726 1945 832 1998 hoc
861 1945 1071 1997 famosa
1101 1948 1275 1997 morte
1307 1943 1628 2013 biothanati,
1651 1962 1801 2014 prae-

61 2040 103 2072 25
128 2018 315 2071 sertim
366 2018 413 2070 si
463 2019 540 2070 sic
588 2017 674 2070 his
724 2018 918 2086 positis
965 2017 1113 2070 Mars
1162 2018 1221 2070 in
1271 2035 1462 2070 occasu
1517 2017 1799 2087 geniturae

126 2092 337 2160 positus
374 2089 641 2143 Venerem
678 2091 875 2143 minaci
914 2090 1210 2143 radiatione
1249 2090 1520 2159 respiciat.

272 2163 644 2216 Mercurius.
737 2162 795 2216 Si
849 2163 1146 2216 Mercurius
1208 2165 1488 2234 geniturae
1550 2164 1798 2219 dominus
1815 2167 1889 2219 24

124 2237 302 2306 fuerit,
324 2237 487 2290 faciet
519 2237 768 2289 cordatos
799 2237 1127 2307 ingeniosos,
1150 2241 1344 2291 cuncta
1373 2238 1655 2308 discentes,
1686 2257 1796 2291 mo·

127 2312 331 2378 destOS,
380 2310 620 2363 omnium
666 2311 865 2362 artium
911 2310 1115 2363 discere
1162 2315 1368 2364 secreta
1406 2311 1706 2382 cupientes3
1744 2315 1799 2365 et

61 2407 104 2439 so
130 2386 176 2438 si
206 2386 264 2437 in
295 2385 456 2436 domo
489 2383 704 2452 quidem
736 2402 832 2436 sua
861 2382 1027 2436 fuerit
1057 2384 1323 2452 inventus,
1363 2403 1485 2438 cum
1517 2386 1798 2455 geniturae

276 2505 301 2543 2
334 2497 502 2555 quodsi
534 2497 599 2541 sic
630 2497 702 2556 A']
735 2497 859 2554 quod
891 2497 956 2541 sic
986 2502 1031 2541 Π
1061 2499 1186 2555 quod
1217 2498 1257 2542 si
1286 2504 1365 2542 PB
1391 2501 1397 2556 Ι
1425 2513 1585 2554 uenus,
1616 2513 1728 2543 corr.
1746 2499 1796 2542 A'

129 2565 154 2604 6
186 2562 349 2616 poetas
380 2559 428 2615 v]
460 2559 716 2614 potestates
808 2562 831 2599 7
864 2556 1101 2614 nobilitas,
1131 2572 1243 2603 corr.
1269 2573 1335 2602 κσ
1365 2573 1430 2602 an
1459 2557 1648 2602 -entur.?
1677 2559 1800 2614 (item

129 2618 235 2675 20.9)
327 2622 382 2660 10
414 2616 580 2659 diurna
602 2620 670 2658 ιε
762 2620 815 2658 13
840 2614 1070 2672 quidquid
1091 2621 1153 2659 Β*
1241 2622 1295 2661 14
1328 2616 1578 2672 dominum,
1609 2630 1721 2660 corr.
1747 2615 1797 2659 κ

132 2681 185 2719 15
217 2675 425 2731 defectis,
456 2689 568 2719 corr.
593 2689 623 2717 v
649 2676 655 2732 Ι
684 2673 759 2718 uel
789 2673 1001 2731 impigris
1030 2679 1076 2718 1
1181 2681 1235 2719 16
1267 2675 1318 2719 in
1348 2675 1485 2719 domo
1513 2679 1559 2717 1
1665 2679 1718 2718 17
1752 2677 1801 2719 et

128 2735 261 2779 Luna
291 2741 396 2792 post
422 2733 578 2791 posita
606 2734 754 2789 suppl.
785 2748 815 2775 v
850 2735 855 2790 Ι
889 2732 1089 2790 positus,
1118 2748 1231 2779 cor-r.
1257 2734 1306 2777 A'
1429 2739 1482 2777 21
1516 2746 1572 2777 ex
1602 2733 1705 2777 istis
1728 2733 1801 2792 A']

130 2792 279 2837 exitus
309 2792 536 2850 (adsiduis
566 2791 715 2836 exitus
739 2794 800 2846 Π)
828 2794 835 2848 1
863 2805 1087 2836 annorum
1102 2797 1147 2836 Π
1236 2798 1292 2836 22
1324 2794 1430 2837 add.
1462 2808 1492 2834 v
1581 2797 1637 2835 23
1670 2791 1803 2835 adul-

129 2851 232 2906 teri,
261 2853 536 2896 correximus
664 2856 719 2894 25
750 2863 872 2894 mors
902 2855 948 2893 Π
1074 2856 1130 2895 30
1161 2851 1312 2905 fuerin
1342 2857 1383 2896 et
1412 2866 1468 2896 ss.
1501 2853 1522 2894 t
1543 2855 1583 2893 B
1623 2852 1629 2908 Ι
1671 2850 1803 2908 geni-

129 2914 248 2965 tura,
279 2924 390 2954 corr.
416 2915 489 2958 αν
