2014 3202
202 117 270 168 10
933 115 1161 161 FIRMICI

196 240 444 291 nostrum
490 236 754 306 Lolliane,
801 237 1016 290 veniam
1061 237 1423 306 postulantes,
1468 241 1532 290 ut
1576 238 1634 291 in
1672 238 1876 292 refuta-

198 311 438 364 tionibus
464 311 714 364 omnibus
738 310 985 364 veritatis
1009 311 1157 379 fides,
1186 329 1296 364 non
1329 311 1591 365 orationis
1622 312 1875 381 splendor

143 386 258 437 4ac
299 385 608 438 substantia
645 385 966 453 requiratur.
1026 385 1102 438 Et
1139 385 1375 453 primum
1417 386 1634 454 quidem
1666 386 1874 455 vellem,
1921 386 1923 390 ’

194 462 256 510 ut
293 458 641 527 profiteretur
686 458 790 511 iste
837 457 1123 511 vehemens
1171 459 1678 513 mathematicorum
1725 477 1872 513 accu-

196 535 358 600 sator,
398 533 490 614 qui
522 536 695 585 artem
724 532 891 585 istam
921 535 1035 585 tam
1068 531 1211 584 elata
1244 533 1485 585 oratione
1517 534 1872 602 persequitur,
1919 555 1939 588 5
2011 549 2014 556 ·

194 609 503 659 utrumnam
534 607 675 675 cepit
708 606 927 674 aliquod
958 605 1128 674 ipsius
1155 605 1407 659 scientiae
1432 607 1872 675 experimentum,

194 698 262 733 an
301 679 599 732 sciscitanti
640 680 689 732 ei
726 697 884 733 nemo
925 698 1051 732 vera
1090 680 1385 750 respondit,
1424 699 1492 734 an
1530 698 1656 733 vero
1697 699 1871 749 asper-

192 757 350 806 natus
376 754 559 805 audire
593 757 648 805 et
681 771 904 822 sperans
938 772 1092 806 aures
1125 771 1249 806 suas
1280 753 1403 807 istis
1429 755 1871 823 responsionibus

194 827 366 895 pollui
398 845 615 880 severus
641 830 695 880 et
718 827 1006 880 vehemens
1040 830 1094 879 et
1125 828 1295 880 totius
1322 828 1717 896 quodammodo
1742 828 1871 882 divi-

192 901 381 954 nitatis
428 901 547 954 iura
594 902 918 970 perturbans
967 903 1411 971 argumentorum
1465 920 1687 954 suorum
1747 921 1867 955 acu·
1894 925 1937 956 10

140 975 304 1031 5leos
335 974 556 1028 licentia
586 973 867 1028 exercitati
900 975 1160 1028 sermonis
1194 975 1441 1028 exacuit?
1499 974 1557 1028 Si
1590 976 1867 1043 quaerenti

192 1050 241 1101 ei
278 1067 405 1101 vera
442 1066 702 1117 responsa
733 1051 859 1102 sunt
890 1052 946 1100 et
976 1049 1348 1117 respondentis
1382 1048 1707 1101 sententiam
1738 1050 1869 1102 fides

191 1125 376 1176 secuta
400 1126 483 1175 est
506 1122 767 1188 veritatiS,
801 1140 896 1174 cur
918 1125 1091 1190 notat,
1122 1123 1265 1191 quod
1291 1123 1544 1175 admirari
1576 1123 1869 1175 debuerat?

192 1215 286 1249 our
325 1196 562 1249 divinam
602 1196 884 1249 scientiam
915 1195 1210 1264 proditoris
1242 1196 1421 1249 animo
1455 1196 1688 1264 perfidus
1721 1215 1870 1249 accu-

140 1274 171 1325 6
193 1273 341 1324 sator
378 1270 682 1339 inpugnat?
761 1268 819 1322 Si
857 1287 984 1323 vero
1033 1269 1277 1322 erraticis
1323 1270 1767 1338 responsionibus
1806 1271 1868 1339 is,
1894 1292 1936 1324 15

191 1344 284 1412 qui
314 1345 586 1397 mathesin
618 1362 673 1396 se
705 1344 840 1397 scire
871 1344 1246 1412 profitebatur,
1277 1361 1387 1396 non
1418 1343 1599 1412 potuit
1629 1343 1870 1412 implere,

191 1437 325 1486 quae
366 1417 596 1485 dixerat,
636 1420 690 1470 et
727 1435 988 1486 responsa
1028 1417 1141 1470 eius
1181 1417 1459 1470 mendacia
1495 1417 1869 1485 promissionis

188 1491 535 1561 inmaculant,
565 1491 839 1560 imperitia
877 1491 1023 1544 illius
1063 1491 1450 1559 temeritasque
1481 1491 1746 1559 pulsanda
1785 1495 1869 1544 est

189 1569 244 1618 et
275 1566 440 1619 fallax
471 1565 781 1618 infamanda
805 1562 1121 1634 promissi03
1155 1564 1302 1617 omni
1326 1564 1470 1617 enim
1494 1564 1637 1617 malo
1671 1565 1866 1633 dignus

189 1643 287 1709 est,
327 1639 470 1708 quod
507 1658 604 1707 per
641 1639 797 1692 illum
837 1641 967 1706 stet,
1005 1642 1068 1691 ut
1105 1638 1411 1707 praeclarae
1451 1638 1585 1690 artis
1626 1639 1865 1691 studium
1891 1661 1934 1692 20

141 1717 168 1767 7
189 1713 341 1767 falsis
380 1730 766 1781 responsorum
805 1710 1095 1765 mendaciis
1149 1712 1516 1764 obumbretur.
1595 1710 1700 1773 Qui
1738 1730 1864 1765 vero

189 1805 442 1855 quaerere
476 1786 680 1856 aliquid
703 1789 798 1839 aut
822 1786 1005 1839 audire
1035 1785 1213 1839 noluit
1235 1803 1333 1838 nec
1363 1784 1623 1838 indicium
1655 1786 1865 1838 aurium

191 1878 407 1913 suarum
446 1879 574 1913 vera
612 1859 1064 1930 respondentibus
1111 1858 1472 1912 commodavit
1514 1859 1719 1911 veritus
1767 1861 1865 1913 sci-

186 1934 336 2001 licet,
382 1952 449 1987 ne
495 1933 699 2004 rigidas
749 1934 862 1987 eius
911 1932 1268 2002 cogitationes
1314 1933 1446 1984 fides
1494 1932 1740 1985 veritatis
1787 1933 1863 1986 in-

186 2007 472 2078 fringeret,
525 2007 706 2076 inique
744 2007 901 2074 facit,
949 2007 996 2059 si
1033 2007 1331 2060 notandum
1378 2004 1574 2074 putat,
1611 2007 1864 2076 quicquid
1889 2028 1931 2061 25

187 2082 416 2149 †potuit
454 2081 538 2135 vel
578 2099 688 2134 non
726 2081 907 2150 potuit
947 2081 1143 2133 obtusa
1173 2080 1371 2132 mentis
1403 2079 1703 2132 intentione
1748 2099 1864 2149 per-

188 2154 386 2224 cipere3
407 2155 600 2208 iniusti
624 2159 751 2208 sunt
775 2155 919 2208 enim
937 2172 1163 2223 semper,
1188 2153 1329 2207 sicut
1356 2154 1621 2222 novimus,
1645 2154 1864 2221 iudiceS,

188 2229 282 2296 qui
314 2229 377 2281 de
409 2229 700 2298 incognitis
735 2228 840 2282 sibi
870 2228 1227 2297 pronuntiant
1257 2227 1432 2296 rebus,
1473 2230 1527 2279 et
1557 2245 1668 2280 non
1696 2227 1864 2281 habet

184 2301 456 2355 iudicandi
495 2303 890 2370 auctoritatem,
931 2302 1023 2370 qui
1055 2301 1122 2354 ad
1153 2301 1499 2353 statuendum
1532 2301 1735 2370 aliquid
1766 2300 1863 2354 im·

184 2375 359 2444 perita
404 2374 624 2429 licentia
669 2376 993 2429 temeritatis
1041 2374 1322 2428 adducitur
1366 2392 1464 2428 nec
1503 2375 1570 2427 ad
1610 2374 1859 2428 effectum
1884 2398 1926 2428 30

333 2511 360 2548 4
394 2506 661 2548 accussator
691 2510 723 2547 P
815 2510 840 2548 6
874 2504 1048 2562 ceperit
1078 2520 1108 2548 v
1197 2509 1222 2547 8
1256 2517 1472 2560 spernens
1498 2505 1649 2549 Paris.
1675 2504 1858 2562 Escor.{

184 2563 320 2608 istius
344 2569 382 2606 V
467 2568 520 2607 13
554 2562 790 2607 ammirari
811 2568 849 2605 V
934 2569 988 2608 15
1019 2564 1265 2620 impugnat
1286 2567 1331 2604 Μ
1416 2568 1468 2606 17
1502 2563 1546 2606 ei
1568 2568 1602 2605 P
1691 2567 1744 2607 18
1776 2563 1860 2606 im-

184 2623 424 2667 maculant
446 2628 479 2665 1>
510 2623 630 2679 (im-)
655 2626 733 2670 Qv
847 2626 903 2664 20
936 2623 1047 2680 stet]
1071 2623 1152 2667 fiet
1173 2621 1222 2665 A'
1255 2636 1410 2676 nempe
1442 2623 1538 2665 stat
1627 2626 1680 2665 21
1715 2621 1858 2666 obun-

183 2682 376 2726 brentur
399 2685 433 2730 Q
554 2687 607 2724 23
633 2686 738 2737 post
769 2694 956 2724 suarum
995 2683 1101 2726 add.
1134 2680 1254 2724 ueris
1294 2679 1670 2736 responsionibus
1701 2682 1750 2724 et
1780 2685 1816 2729 Q,
1850 2681 1855 2739 Ι

185 2740 452 2784 comodauit
475 2745 510 2789 Q.
600 2745 654 2783 25
687 2739 910 2795 quicquid
932 2740 1084 2784 noluit
1108 2755 1133 2784 σ
1163 2755 1227 2784 an
1254 2738 1411 2796 potuit
1433 2738 1505 2782 vel
1528 2739 1642 2782 deb?
1665 2738 1739 2782 vel
1763 2740 1857 2783 obt.

184 2813 242 2842 m.
259 2798 341 2844 int.
359 2813 453 2843 non
474 2801 569 2856 pot.
588 2804 669 2844 aut
680 2800 1075 2890 ¹frcmsgmmendum
1091 2805 1172 2844 aut
1191 2803 1302 2843 certe
1317 2798 1659 2854 intelleyendum
1682 2798 1860 2842 videtur

862 2868 882 2890 Ο
1044 2868 1067 2891 8

186 2902 463 2946 Mommseno
555 2906 609 2945 27
635 2901 757 2946 enim
789 2915 967 2958 semper
999 2904 1106 2945 sunt
1135 2906 1167 2944 P
1259 2904 1314 2943 30
1345 2913 1430 2943 nec
1461 2914 1515 2944 ex
1545 2913 1695 2956 neque
1726 2904 1763 2942 V
