1992 3198
823 759 1107 821 IndeX.

127 978 390 1036 Incipiunt
426 978 654 1036 capItula
691 978 947 1023 librorum
983 977 1264 1023 matheseos
1304 975 1431 1020 Iulii
1460 974 1670 1019 Firmici
1700 975 1800 1020 Ma-

243 1053 382 1098 terni
410 1053 638 1098 Iunioris
669 1053 727 1099 V.
761 1051 815 1097 G.

126 1156 344 1200 Primus
375 1156 523 1201 liber
554 1156 803 1213 epistolam
831 1155 978 1199 habet
1008 1154 1123 1210 quid
1155 1154 1217 1198 sit
1246 1153 1483 1198 mathesis,

128 1229 420 1274 Secundus
451 1231 597 1274 habet
628 1231 685 1274 de
717 1229 962 1274 duodecim
994 1228 1152 1286 signis.

302 1305 359 1348 II.
391 1304 459 1347 De
492 1303 704 1348 domibus
737 1303 991 1347 stellarum.
1848 1316 1869 1348 5

284 1378 362 1423 ΠΙ.
394 1378 462 1421 De
494 1377 837 1421 altitudinibus.

282 1451 359 1496 IV.
392 1451 460 1494 De
490 1450 852 1494 humilitatibus.

306 1524 360 1569 V.
392 1524 460 1568 De
493 1524 694 1568 decanis.

281 1598 358 1641 VI.
390 1597 459 1642 De
489 1597 702 1655 partibus
735 1598 984 1656 signorum.

261 1672 360 1717 VH.
392 1672 461 1716 De
492 1672 674 1718 finibus
1827 1688 1869 1719 10

238 1746 359 1791 VIII.
392 1746 461 1790 De
493 1746 641 1791 stellis
672 1761 793 1804 quae
823 1761 906 1804 per
937 1746 1060 1791 diem
1091 1760 1211 1803 quae
1239 1760 1322 1804 per
1343 1748 1528 1791 noctem
1552 1745 1801 1803 gaudeant.

280 1820 355 1866 IX.
388 1821 457 1864 De
488 1820 648 1865 formis
681 1820 934 1865 stellarum.

300 1894 355 1938 X.
387 1894 456 1938 De
489 1896 593 1938 ortu
625 1894 878 1939 stellarum.

280 1967 357 2012 XI.
389 1968 458 2012 De
489 1969 621 2012 Luna
652 1967 765 2024 quid
798 1968 872 2011 cui
905 1971 1031 2013 astro
1064 1983 1112 2013 se
1143 1969 1341 2027 iungens
1374 1967 1616 2026 significet.

261 2041 358 2085 XII.
391 2042 459 2086 De
492 2041 641 2086 stellis
673 2031 859 2098 quando
892 2042 986 2087 sint
1015 2043 1288 2088 matutinae.
1827 2057 1868 2088 15

236 2116 355 2160 XIII.
387 2116 456 2160 De
489 2116 773 2161 scematibus
806 2116 1058 2161 stellarum.

236 2190 354 2235 XIV.
387 2190 456 2235 De
501 2190 707 2235 moribus
756 2190 997 2234 stellarum
1044 2193 1092 2235 et
1135 2205 1226 2248 quo
1269 2193 1475 2248 tempore
1526 2204 1642 2246 quas
1684 2189 1802 2234 vires

388 2263 608 2307 habeant.

264 2337 360 2381 XV.
394 2337 462 2380 De
494 2336 642 2381 stellis
674 2337 860 2393 quando
886 2336 980 2381 sint
1002 2337 1263 2381 matutinae
1287 2338 1473 2393 quando
1497 2337 1799 2395 vespertinae.

242 2411 360 2455 XVI.
393 2411 462 2454 De
491 2410 697 2456 moribus
730 2411 967 2468 signorum
998 2413 1046 2455 et
1067 2414 1237 2455 natura
1261 2414 1309 2456 et
1333 2411 1536 2456 anaforis
1562 2413 1610 2455 et
1632 2411 1801 2468 quibus
1826 2427 1867 2458 κο

390 2484 539 2529 ventis
571 2485 903 2530 subiactentur.

216 2558 358 2602 XVII.
389 2558 458 2602 De
491 2558 953 2604 duodechatemoriis.

196 2631 359 2676 XVIII.
392 2632 460 2676 De
492 2634 596 2676 octo
626 2632 742 2677 locis
775 2635 822 2676 et
852 2632 1132 2678 cardinibus.

275 2814 296 2851 1
331 2810 536 2854 Indicem
565 2811 788 2855 edidimus
819 2824 875 2853 θα)
896 2814 1045 2866 ERV,
1077 2824 1159 2855 om.
1177 2815 1223 2866 Ρ,
1255 2811 1434 2855 diversa
1464 2811 1594 2854 habet
1632 2814 1666 2858 Q
1697 2815 1800 2854 ante

127 2867 265 2912 libros
294 2869 359 2911 II
383 2875 422 2914 et
445 2870 538 2912 III
619 2874 648 2912 4
678 2868 824 2912 habet
853 2883 934 2913 om.
961 2873 999 2911 V
1091 2875 1143 2912 11
1178 2869 1301 2913 diem
1332 2870 1470 2928 quae]
1504 2868 1626 2912 diem
1659 2871 1741 2912 aut
1762 2873 1800 2910 V

126 2930 181 2969 22
215 2926 306 2970 duo
339 2927 676 2972 dechatemoris
700 2932 744 2969 Μ
