2014 3202
1892 0 2014 60 ⁹!

175 101 248 152 24
743 63 752 145 s
898 99 1125 143 Ffflmci
1790 113 1793 115 >
1849 77 1875 167 s

174 222 355 291 istam,
393 221 532 274 idest
571 220 850 273 stellarum
889 224 1050 289 atque
1089 220 1210 289 fati,
1257 220 1648 274 sententiarum
1696 190 1844 292 argu-'l

99 408 101 410 -
177 369 508 437 columisque
545 368 823 437 narrabat3
860 386 1154 436 numquam
1191 368 1284 422 ille
1318 369 1381 421 ad
1419 367 1655 422 Socratis
1687 369 1758 421 fin

176 442 487 495 Platonisve
530 442 734 495 exitum
773 441 1039 494 contorsit
1078 442 1262 495 oculos
1308 442 1394 494 vel
1440 446 1700 512 mentem,
1808 441 1818 451 ”

179 535 297 584 que,
343 516 503 568 sicuti
551 515 814 584 suspicari
853 516 1031 584 datur,
1083 516 1254 568 multa
1299 515 1517 568 illorum
1562 516 1731 568 menti
1763 532 1844 583 uS‚
1889 536 1911 568 5

86 591 159 644 20
177 591 350 643 multa
373 588 521 642 vitiis
555 589 873 642 asscribens,
921 589 1062 642 Ecce
1096 606 1151 641 se
1175 590 1258 642 illi
1282 590 1338 642 in
1360 589 1469 642 ista
1497 589 1842 657 confidentiae

178 663 521 716 animositate
562 681 748 715 securo
788 666 906 715 tota
944 662 1181 714 fatorum
1219 666 1461 747 potestas
1501 660 1754 732 imposuit
1789 666 1843 714 et

175 738 412 806 primum
465 737 708 789 membra
749 736 873 789 eius
928 736 1127 806 frigido
1183 737 1460 806 sanguinis
1513 740 1725 806 torpore
1777 735 1843 787 ri-

178 814 409 881 guerunt
458 814 512 863 et
559 810 835 863 oculorum
885 810 1026 863 acies
1075 810 1411 879 splendorem
1454 811 1710 879 paulatim
1758 827 1843 861 ex-

175 885 384 937 tenuati
423 884 643 937 luminis
682 884 930 954 perdidit,
968 887 1158 952 postea
1187 903 1284 952 per
1322 887 1494 936 totam
1527 885 1657 937 eius
1656 886 1843 936 cutem
1868 905 1913 936 ιο

177 958 430 1028 malignis
488 958 807 1011 humoribus
853 958 1059 1010 nutrita
1112 957 1282 1026 pestis
1337 958 1532 1027 erupit,
1586 962 1644 1013 ut
1686 960 1843 1025 putre

177 1050 371 1101 corpus
405 1031 776 1084 deficientibus
810 1032 1065 1084 membris
1099 1032 1336 1100 corrupti
1370 1032 1640 1102 sanguinis
1669 1034 1843 1098 morte

176 1107 499 1174 tabesceret3
545 1124 642 1174 per
683 1124 866 1158 omnes
916 1106 1027 1158 dies
1075 1124 1136 1158 ac
1175 1124 1271 1173 per
1317 1124 1501 1158 omnes
1545 1106 1700 1173 horas
1741 1122 1845 1157 ser-

175 1183 336 1248 pente
376 1176 566 1232 morbo
607 1179 846 1231 minutae
885 1182 1067 1247 partes
1111 1179 1377 1232 viscerum
1423 1174 1744 1249 defluebant,
1790 1182 1844 1230 et

177 1253 429 1323 quicquid
469 1253 630 1322 paulo
666 1256 788 1304 ante
821 1252 1095 1323 integrum
1127 1253 1353 1321 videraS,
1392 1253 1581 1311 statim
1614 1252 1844 1304 confecti
1870 1272 1913 1306 15

87 1330 155 1382 21
178 1327 418 1396 corporis
450 1327 775 1379 exulceratio
809 1326 1161 1380 deformabat.
1209 1324 1297 1379 Sic
1329 1324 1576 1396 corrupta
1608 1343 1670 1378 ac
1694 1325 1845 1378 dissi-

174 1404 303 1470 pata
340 1400 480 1454 facie>
509 1403 628 1453 tota
666 1401 733 1453 ab
772 1401 866 1453 illo
905 1401 1082 1470 figura
1113 1401 1354 1469 corporis
1387 1400 1664 1457 recedebat
1703 1399 1846 1452 etin

175 1478 407 1542 mortuo,
446 1477 507 1526 ut
544 1475 624 1526 ita
662 1474 852 1543 dicam,
895 1491 1119 1542 corpore
1160 1474 1306 1526 solus
1347 1476 1614 1543 superstes
1654 1473 1843 1526 retine-

175 1549 337 1601 batur
370 1549 594 1616 animus,
633 1550 695 1600 ut
725 1548 834 1600 ista
866 1548 1045 1617 gravis
1079 1547 1256 1599 morbi
1287 1547 1683 1601 continuatione
1724 1564 1844 1599 conr

174 1621 347 1675 fectus
389 1626 443 1674 et
481 1622 765 1674 tormentis
803 1621 1037 1690 propriis
1079 1623 1296 1674 coactus
1337 1639 1398 1674 ac
1429 1638 1579 1675 verae
1618 1618 1843 1672 rationis
1870 1643 1914 1673 20

178 1696 502 1749 auctoritate
542 1696 818 1748 convictus
858 1694 967 1747 vim
1012 1694 1111 1747 fati
1150 1697 1579 1763 potestatemque
1620 1693 1844 1746 sentiret

177 1773 231 1822 et
277 1773 340 1822 ut
387 1769 618 1822 confecti
666 1768 906 1837 corporis
946 1769 1267 1822 laceratione
1315 1771 1596 1836 quassatus
1638 1770 1845 1819 senten-

88 1845 160 1897 22
178 1842 311 1895 tiam
350 1842 621 1896 Fortunae
660 1841 1060 1911 pronuntiantis
1092 1842 1371 1911 exciperet.
1428 1839 1571 1903 Quid
1609 1858 1750 1894 nunc
1772 1841 1844 1892 'de

177 1917 337 1970 huius
377 1916 587 1969 famosa
626 1916 851 1969 dicimus
891 1916 1101 1968 morte?
1164 1915 1272 1969 Cur
1311 1933 1429 1968 eum
1474 1933 1583 1966 non
1622 1917 1844 1982 potuere

177 1991 424 2059 virtutes,
456 1990 596 2043 idest
627 1990 911 2058 prudentia
942 1989 1297 2058 temperantia
1327 1988 1586 2041 fortitudo
1619 1988 1846 2053 iustitia,
1872 2009 1917 2043 25

178 2065 245 2116 ab
285 2063 406 2116 istis
438 2063 710 2118 Fortunae
752 2062 1304 2116 animadversionibus
1343 2060 1609 2114 liberare?
1666 2060 1847 2115 Sensit

177 2139 360 2206 itaque
402 2138 565 2190 etiam
603 2138 708 2191 iste
747 2138 857 2190 vim
894 2137 995 2190 fati
1035 2140 1090 2190 et
1120 2137 1330 2204 excepit
1359 2137 1534 2204 finem,
1576 2154 1734 2204 quem
1764 2135 1846 2187 illi

179 2212 459 2263 stellarum
498 2211 673 2281 ignita
709 2210 908 2264 iudicia
947 2212 1313 2278 decreverant,
1361 2213 1415 2260 et
1461 2210 1618 2262 istius
1657 2208 1848 2263 valitu-

178 2284 316 2336 dinis
358 2285 649 2337 acerbitate
690 2284 965 2338 confectus
1004 2284 1222 2354 proprio
1271 2283 1511 2351 exemplo
1522 2325 1536 2352 ‚
1587 2301 1698 2336 non
1736 2300 1846 2335 ser-

180 2357 353 2410 monis
394 2357 611 2409 licentia
651 2361 870 2411 cunctos
909 2358 1156 2411 homines
1196 2357 1375 2410 docuit
1405 2360 1734 2425 potestatem
1772 2355 1915 2412 fa-so

91 2433 165 2485 23
182 2435 363 2484 torum
401 2430 549 2483 nulla
587 2449 744 2499 posse
791 2432 1001 2484 ratione
1054 2430 1334 2485 contemni.
1414 2429 1530 2482 Scis
1571 2431 1748 2498 etiam,
1786 2432 1847 2480 ut

147 295 506 347 ·mentatione
553 292 869 347 turbaverit.
947 294 1051 347 Sed
1103 295 1238 347 haec
1293 295 1465 347 adhuc
1518 294 1729 364 integer
1734 296 1843 576 f
1912 369 1915 374 r

1805 460 1823 492 1

327 2654 351 2692 2
383 2648 566 2706 integer
596 2648 748 2692 adhuc
779 2648 1111 2704 incolomisque
1140 2653 1175 2697 Q
1275 2651 1300 2690 3
1333 2647 1443 2691 illae
1474 2653 1507 2690 P
1606 2651 1632 2690 5
1665 2645 1783 2689 sicut
1813 2649 1847 2686 P

181 2707 403 2764 suspicati
433 2713 490 2750 P
539 2711 545 2764 Ι
594 2708 800 2763 displicet
832 2707 1066 2751 mentibus
1217 2711 1242 2750 6
1273 2706 1440 2750 mullta
1471 2712 1503 2749 P
1560 2707 1565 2764 1
1617 2705 1671 2749 111
1701 2718 1782 2748 om.
1808 2707 1846 2745 V

180 2771 206 2809 8
238 2766 407 2823 frigido
438 2768 496 2824 V]
526 2765 698 2823 frigida
728 2770 858 2814 MPQ
949 2771 1000 2809 11
1030 2765 1248 2833 malignis
1273 2766 1316 2823 σ]
1340 2765 1523 2822 magnis
1615 2769 1669 2807 12
1699 2763 1846 2806 morte

178 2831 428 2881 suspectum
547 2830 601 2868 13
631 2827 822 2881 repente
855 2828 912 2872 Qa
1032 2830 1084 2869 16
1119 2825 1157 2868 si
1189 2829 1223 2872 Q
1347 2829 1401 2867 22
1434 2826 1487 2867 ut
1517 2838 1598 2868 om.
1633 2826 1667 2870 Q
1703 2820 1846 2865 reete?

181 2888 236 2926 25
266 2883 562 2939 prouidentia
591 2888 636 2926 Μ
740 2888 795 2927 28
829 2885 876 2926 et
906 2882 976 2941 A']
1017 2897 1072 2927 ex
1101 2887 1232 2931 ΠΡΟ.
1336 2887 1389 2925 31
1425 2879 1687 2937 contempni
1717 2884 1847 2928 ΠΡΟ,
