2014 3202
187 137 259 189 34
906 136 1134 181 FIRMICI

189 276 291 327 que
332 260 386 309 et
425 257 679 325 quicquid
717 256 851 309 illud
891 261 996 326 est,
1034 258 1176 326 quod
1215 258 1281 310 ad
1319 258 1584 310 humanae
1622 259 1860 312 nationis
1993 320 1996 322 v

189 331 650 384 conversationem
680 331 931 399 pertinet,
969 332 1154 384 fatalis
1186 332 1526 385 necessitatis
1559 331 1861 384 inevitabili
1916 372 1919 377 f

136 406 170 458 3
190 404 459 457 sententia
498 402 775 457 contineri.
835 401 1099 458 Cedamus
1137 405 1320 474 itaque
1358 406 1462 458 fide
1494 403 1739 457 veritatis
1771 422 1861 474 op·
1921 424 1924 426 ·

186 476 360 547 pressi
414 482 469 530 et
524 478 878 531 confiteamur
937 496 1093 531 verae
1154 479 1382 531 rationis
1437 479 1608 531 secuti
1662 478 1862 532 iudicia

185 552 322 604 nihil
368 552 428 607 in
462 554 672 617 nostra,
724 552 815 603 sed
861 555 1040 604 totum
1088 553 1140 604 in
1182 553 1419 605 fatorum
1460 571 1573 605 esse
1619 553 1860 621 positum
1906 576 1926 609 5

183 628 472 694 potestate,
510 627 585 694 ut,
618 625 870 694 quicquid
900 626 986 678 vel
1017 625 1245 678 facimus
1275 627 1360 678 vel
1391 627 1643 695 patimur,
1682 629 1863 679 totum

182 700 289 753 hoc
326 699 596 751 Fortunae
634 699 793 751 nobis
832 698 1031 752 iudicio
1074 699 1390 752 conferatur.

987 845 1052 898 X.

135 955 163 1004 1
329 948 631 1017 Explicatis
670 949 756 1000 his
797 950 1046 1001 omnibus
1086 953 1247 1017 atque
1286 950 1552 1018 tractatiS,
1592 968 1726 1019 quae
1758 949 1859 1002 fati

182 1023 293 1075 vim
339 1023 723 1091 stellarumque
770 1023 1169 1075 decernentium
1215 1023 1361 1092 leges
1415 1042 1571 1076 verae
1625 1024 1853 1076 rationis
1881 1049 1923 1080 ιο

179 1095 544 1166 disputatione
576 1099 962 1164 monstrarunt,
995 1096 1061 1148 ad
1091 1097 1242 1148 illam
1274 1097 1658 1166 quaestionem,
1691 1115 1853 1166 quam

178 1170 237 1222 in
266 1170 442 1239 prima
471 1170 631 1222 istius
664 1169 924 1222 orationis
958 1170 1273 1238 reliquimus
1311 1173 1480 1240 parte,
1510 1174 1856 1240 revertamur,

180 1244 243 1296 de
283 1244 552 1296 coloribus
593 1244 801 1296 scilicet
839 1243 1119 1296 hominum
1167 1262 1227 1296 ac
1266 1244 1529 1312 moribuS,
1579 1248 1640 1296 ut
1687 1245 1855 1297 omni-

178 1317 371 1369 fariam
408 1316 514 1369 ista
561 1316 874 1386 quaestione
921 1320 1153 1386 purgata
1199 1316 1373 1370 securi
1412 1322 1468 1370 et
1514 1317 1850 1371 constantiae

179 1390 504 1444 confidentia
534 1389 778 1443 roborati
801 1394 979 1443 totum
1001 1390 1119 1459 tibi,
1151 1390 1403 1460 quicquid
1428 1392 1492 1443 de
1515 1390 1622 1444 isto
1655 1390 1853 1462 studio,
1878 1415 1919 1448 15

127 1464 442 1535 2Lolliane,
479 1463 850 1533 promisimuS,
896 1463 1236 1532 explicemus,
1316 1465 1420 1527 Qui
1459 1464 1707 1534 requirit,
1755 1482 1850 1518 cur

175 1538 232 1591 in
294 1538 616 1607 quibusdam
676 1536 987 1608 regionibus
1058 1556 1283 1606 corpora
1349 1537 1630 1591 hominum
1689 1538 1847 1607 nigro

178 1631 388 1681 semper
433 1612 613 1665 colore
659 1612 996 1679 sordescunt,
1043 1628 1136 1663 cur
1188 1629 1314 1664 vero
1369 1610 1500 1663 alibi
1545 1630 1680 1680 puro
1729 1630 1849 1664 can-

177 1685 321 1738 doris
376 1686 658 1754 splendore
712 1684 1069 1754 praeniteant,
1114 1684 1262 1753 huic,
1317 1683 1408 1753 qui
1464 1685 1562 1737 has
1618 1684 1847 1753 requirit

178 1777 380 1825 causas,
418 1758 567 1811 brevi
606 1757 987 1828 disputationis
1020 1757 1261 1811 oratione
1294 1759 1660 1827 respondeam,
1697 1777 1847 1826 prae-
1870 1783 1914 1814 20

177 1832 365 1885 sertim
410 1850 532 1890 cum
586 1833 652 1885 ad
703 1833 866 1885 istam
910 1835 1121 1900 partem
1174 1832 1467 1884 multorum
1521 1831 1846 1901 sapientium

124 1908 157 1959 3
176 1906 374 1959 dociles
407 1905 703 1958 sententiae
735 1905 1090 1974 proferantur.
1149 1905 1213 1958 In
1245 1923 1399 1957 omne
1433 1907 1652 1972 caelum,
1693 1905 1845 1958 cuius

176 1983 259 2033 est
311 1980 543 2032 rotunda
595 1979 872 2049 formatio,
917 1980 1067 2062 quod
1120 1982 1291 2032 terras
1347 1978 1517 2031 maria
1563 1983 1845 2048 ceteraque

177 2072 310 2122 quae
348 2053 493 2106 intra
524 2071 580 2106 se
619 2057 746 2105 sunt
784 2052 965 2106 omnia
1002 2052 1148 2121 ignei
1180 2051 1401 2121 spiritus
1433 2052 1844 2106 circumfusione

177 2126 631 2195 complectitur..
696 2126 973 2196 ‚quinque
1026 2144 1281 2179 zonarum
1334 2125 1571 2194 ipsarum
1626 2145 1734 2180 una
1778 2126 1845 2178 si-
1869 2150 1913 2182 25

176 2200 424 2268 milisque
471 2199 777 2253 substantia
824 2204 929 2268 est3
974 2219 1099 2252 nam
1147 2200 1407 2268 quaedam
1453 2199 1695 2268 ipsarum
1732 2199 1845 2251 uni-

176 2273 374 2326 formes
401 2278 525 2326 sunt
547 2293 646 2327 nec
671 2274 902 2326 alienam
925 2274 1127 2326 habent
1154 2272 1552 2340 admixtionem,
1584 2274 1843 2342 quaedam

176 2365 302 2399 vero
343 2346 663 2399 commixtae
703 2347 1112 2416 temperationis
1150 2350 1276 2399 sunt
1307 2346 1674 2400 moderatione
1706 2365 1844 2399 com-

122 2418 398 2490 4positae.
474 2419 683 2472 Harum
736 2420 970 2489 quinque
1025 2439 1279 2473 zonarum
1334 2438 1468 2488 quae
1522 2419 1697 2473 media
1745 2425 1843 2487 est,

180 2493 389 2547 corusci
424 2493 566 2545 Solis
606 2492 824 2546 incensa
854 2493 1149 2547 luminibus
1189 2496 1242 2546 et
1282 2493 1596 2561 sempiterni
1636 2492 1841 2545 ardoris
1868 2517 1911 2548 30

327 2628 348 2666 1
384 2621 612 2678 quidquid
634 2627 672 2665 B.
703 2624 837 2679 (idem
861 2628 899 2666 6.
921 2625 993 2680 15)
1020 2625 1026 2681 Ι
1053 2622 1260 2678 rationis,
1292 2636 1403 2666 corr.
1430 2640 1456 2666 κ
1479 2652 1481 2654 »
1548 2628 1573 2667 6
1604 2621 1783 2665 facinus
1806 2627 1846 2664 Β

181 2687 235 2725 10
279 2684 418 2737 atque
466 2681 706 2724 stellarum
748 2685 783 2729 Q
933 2688 986 2725 12
1031 2682 1230 2738 primam
1268 2717 1276 2724 .
1311 2717 1319 2725 .
1355 2717 1363 2725 .
1410 2684 1613 2738 partem,
1658 2694 1769 2724 corr.
1815 2696 1846 2723 v

181 2745 235 2783 14
267 2739 402 2783 istius
433 2739 687 2795 questionis
721 2739 1014 2784 dubitatione
1046 2745 1081 2789 Q,
1215 2745 1269 2783 16
1301 2741 1456 2795 querit
1491 2745 1553 2782 Ba
1593 2741 1599 2798 Ι
1647 2741 1704 2793 cf.
1737 2740 1847 2783 Boll

180 2803 281 2842 190.
306 2799 421 2842 217³
510 2804 565 2841 22
597 2799 654 2854 cf.
688 2799 811 2856 Very.
840 2799 997 2856 θεον-9.
1022 2801 1233 2844 123133.
1276 2800 1282 2855 Ι
1318 2800 1465 2854 possis
1495 2799 1544 2841 in
1568 2797 1691 2842 omm‘
1716 2797 1851 2841 caelo-

181 2861 235 2899 25
268 2858 349 2901 Zac.
381 2863 482 2901 stat.
517 2871 579 2901 κσ
612 2858 617 2915 1
661 2863 742 2901 aut
772 2860 1015 2913 praecessit
1051 2859 1229 2916 myatio
1268 2863 1349 2902 aut
1385 2859 1515 2902 scrib.
1550 2857 1711 2916 (non)
1752 2871 1846 2900 una

181 2920 235 2957 27
269 2916 613 2959 ammixtionem
643 2920 766 2963 PRQ.
