2014 3202
823 86 889 130 ΠΙ
914 90 983 143 10,
1008 99 1144 131 3—10.
1722 87 1824 139 173

146 209 355 262 fructus
407 208 671 262 maximos
723 209 1139 290 consequantur,
1194 206 1378 260 felices
1429 207 1576 259 beati
1628 210 1682 260 et
1733 208 1827 276 qui

147 300 338 353 regum
393 286 543 336 actus
598 300 694 334 sua
743 279 1125 333 intercessione
1182 281 1494 350 disponant,
1550 284 1825 335 exactores

147 357 422 441 regiarum
469 373 802 408 annonarum
847 354 932 406 vel
978 355 1326 423 pecuniarum
1371 355 1660 423 fiscalium,
1706 373 1827 425 pro-

147 431 340 484 vinciis
381 430 797 497 civitatibusque
836 429 1145 497 praepositi.
1211 428 1269 481 Si
1301 447 1426 482 vero
1460 429 1651 482 diurna
1682 429 1827 499 geni·
1883 431 1915 483 8

105 526 126 558 5
150 508 272 557 tura
313 508 366 557 et
412 504 469 556 in
515 506 666 556 sexto
714 503 834 555 loco
875 502 1001 555 Iove
1050 521 1170 555 cum
1209 502 1477 556 Mercurio
1526 503 1826 556 constituto

149 579 300 631 nulla
347 577 504 630 stella
549 577 606 629 in
650 576 715 629 X.
757 577 824 628 ab
871 575 1173 644 horoscopo
1220 577 1339 630 loco
1385 577 1549 629 fuerit
1593 576 1831 647 inventa,

150 652 445 704 mediocres
486 653 540 702 et
578 649 693 703 vita
731 653 786 703 et
824 651 1153 719 patrimonio
1194 654 1248 703 et
1280 651 1493 704 actibus
1524 650 1705 704 faciet.
1770 649 1829 704 Si

150 743 274 778 vero
312 743 409 794 per
445 727 663 777 noctem
703 725 779 778 sic
817 724 1020 776 fuerint
1058 725 1278 794 inventi,
1316 725 1548 777 reddunt
1585 724 1829 795 negotio-

149 817 270 851 rum
307 798 634 867 interpretes
674 801 728 850 et
775 798 1070 868 piscatores
1119 802 1213 850 aut
1253 816 1483 869 augures
1525 801 1618 851 aut
1657 799 1834 867 sculp-

11 922 24 928 -
85 895 127 926 10
149 875 295 926 tores
336 875 430 925 aut
467 871 755 925 laboriosis
788 890 998 941 semper
1030 872 1241 925 actibus
1273 873 1562 942 impeditos
1597 875 1690 925 aut
1723 891 1830 925 ser-

149 947 280 1000 vilia
319 946 500 999 officia
545 946 804 999 facientes
852 949 947 998 aut
992 946 1050 998 in
1095 945 1298 998 talibus
1347 947 1555 999 artibus
1602 945 1831 1015 positOS,

152 1039 287 1090 quae
351 1020 606 1090 gravibus
662 1020 915 1073 odoribus
979 1024 1034 1072 et
1095 1019 1350 1090 gravibus
1415 1021 1525 1073 sint
1581 1021 1830 1073 sordibus

149 1094 444 1163 squalidae,
482 1095 622 1146 idest
662 1097 755 1146 aut
793 1094 1026 1146 fullones
1067 1098 1161 1146 aut
1194 1094 1463 1148 coriorum
1496 1094 1829 1147 confectores

152 1172 247 1220 aut
294 1167 600 1238 gallicarios
648 1170 741 1220 aut
785 1168 1019 1236 pistores
1068 1172 1162 1220 aut
1207 1168 1443 1221 lanarios
1491 1171 1585 1221 aut
1630 1168 1716 1221 his
1765 1169 1832 1220 si-

85 1264 126 1296 15
151 1241 322 1294 mileS.

299 1315 365 1368 In
412 1316 641 1384 septimo
687 1315 808 1369 loco
848 1316 915 1369 ab
963 1315 1289 1384 horoscop0,
1334 1315 1476 1369 idest
1522 1316 1579 1368 in
1626 1333 1832 1382 occasii,
1888 1319 1921 1371 9

153 1389 453 1442 Mercurius
494 1408 614 1442 cum
645 1389 772 1443 Iove
804 1389 1008 1459 pariter
1039 1391 1370 1444 constitutus
1404 1393 1459 1443 et
1490 1408 1586 1459 per
1615 1393 1831 1443 noctem

153 1467 209 1516 et
258 1481 355 1533 per
403 1463 545 1515 diem
597 1464 781 1516 eadem
832 1463 998 1516 simili
1048 1464 1259 1516 ratione
1311 1464 1562 1517 decernit.
1646 1462 1833 1517 Faciet

154 1537 297 1590 enim
338 1556 369 1589 a
407 1536 726 1590 mulieribus
765 1537 1055 1591 felicitates
1095 1538 1358 1590 maximas
1398 1537 1631 1590 conferri
1671 1541 1725 1590 et
1756 1538 1832 1590 fa-

85 1633 130 1664 20
155 1611 261 1664 ciet
298 1610 528 1680 publicis
569 1610 882 1664 muneribus
919 1612 1261 1680 praepositos
1298 1614 1352 1664 et
1380 1611 1707 1681 populorum
1739 1616 1834 1664 aut

153 1685 437 1738 civitatum
474 1685 745 1754 principes
785 1689 880 1738 aut
919 1686 1102 1738 decem
1131 1684 1352 1754 primOS,
1392 1686 1656 1756 longioris
1689 1686 1833 1739 vitae

153 1762 208 1812 et
246 1759 419 1812 bonae
460 1760 753 1813 senectutis
801 1763 856 1811 et
902 1760 1066 1827 bonis·
1108 1759 1348 1813 consiliis
1389 1778 1451 1812 ac
1498 1760 1738 1812 moribus
1779 1763 1834 1812 et

154 1833 247 1901 qui
284 1833 454 1886 bonas
494 1851 578 1886 res
619 1833 925 1886 desiderent
965 1833 1190 1903 se'mper.
1254 1831 1357 1886 Sed
1388 1834 1595 1903 <haec>
1625 1834 1683 1886 in
1712 1852 1837 1887 noc-

154 1906 330 1959 turnis
370 1907 635 1977 genituris
668 1907 999 1973 minuuntur,
1040 1909 1085 1960 si
1126 1907 1203 1960 sic
1233 1906 1564 1960 Mercurium
1595 1908 1836 1976 positum

0 2015 2 2057 3
89 2001 132 2033 25
157 1997 279 2033 cum
316 1980 442 2032 Iove
482 1979 747 2033 Saturnus
794 1981 858 2033 de
899 1981 1163 2034 diametro
1210 1981 1295 2033 vel
1343 1981 1406 2033 de
1455 1980 1717 2050 quadrato
1758 1999 1837 2034 re-

157 2053 393 2122 spexerit
430 2053 516 2106 vel
555 2053 601 2106 si
639 2073 763 2107 cum
800 2053 935 2123 ipsis
974 2054 1140 2107 fuerit
1177 2054 1442 2107 inventus,

303 2127 368 2179 In
414 2129 604 2180 octavo
650 2128 770 2181 loco
817 2128 884 2180 ab
931 2128 1234 2197 horoscopo
1273 2127 1573 2181 Mercurius
1620 2132 1674 2182 et
1712 2128 1832 2199 Iup·
1856 2132 1924 2184 10

154 2202 300 2271 piter
344 2200 617 2269 partiliter
663 2201 968 2270 constituti,
1021 2202 1067 2253 si
1116 2201 1173 2254 in
1222 2202 1414 2254 diurna
1459 2203 1712 2272 genitura
1757 2204 1835 2256 sic

156 2274 360 2327 fuerint
398 2274 625 2342 inventi,
676 2274 972 2328 mediocres
1019 2275 1077 2327 in
1122 2274 1234 2328 vita
1278 2275 1479 2328 facient
1525 2279 1580 2329 et
1627 2278 1719 2347 qui
1769 2296 1835 2330 ex

90 2371 135 2403 (ιο
159 2348 480 2418 quibusdam
518 2347 919 2401 inventionibus
966 2348 1110 2401 vitae
1158 2348 1262 2402 sibi
1307 2350 1577 2418 praesidia
1624 2370 1835 2420 compa-

157 2426 293 2475 rent.
356 2420 700 2484 Quorundam
731 2422 874 2475 enim
905 2422 1171 2475 infamant
1200 2423 1552 2492 iuventutem,
1592 2425 1684 2477 sed
1715 2443 1835 2494 pro-

311 2586 336 2626 3
367 2581 602 2638 retiatum,
634 2595 746 2627 corr.
780 2580 829 2624 A'
951 2587 979 2625 4
1010 2582 1236 2639 propositi
1265 2587 1397 2626 11³3
1439 2586 1445 2639 Ι
1487 2597 1640 2639 ‘nempe
1671 2583 1838 2628 diurna

161 2641 294 2708 (sit)
416 2646 440 2685 7
473 2644 521 2685 et
551 2642 675 2700 Sittl]
709 2641 791 2685 sed
833 2642 838 2698 Ι
880 2639 978 2684 vita
1008 2643 1056 2685 et
1085 2643 1133 2700 κ]
1163 2641 1291 2686 uitae
1413 2647 1464 2685 11
1500 2641 1573 2686 off.
1607 2655 1722 2686 seru
1754 2648 1793 2686 V
1827 2644 1832 2703 1

161 2699 394 2757 partibus,
426 2715 538 2745 corr.
571 2717 598 2743 a
639 2703 645 2757 Ι
691 2705 743 2743 13
777 2699 1126 2758 confectoltores
1156 2706 1195 2744 B
1316 2706 1371 2744 14
1402 2700 1662 2745 callicarios
1691 2706 1836 2759 ΗΓΒ,

162 2772 275 2803 corr.
316 2773 342 2802 σ
389 2761 464 2815 (ef.
505 2760 641 2804 Areh.
674 2761 753 2803 IX
785 2763 895 2814 306)
939 2760 996 2814 cf.
1029 2761 1109 2804 IV
1133 2764 1303 2815 14,13,
1355 2761 1543 2804 edebant
1589 2740 1837 2818 caligarios

167 2821 220 2859 17
254 2817 377 2861 diem
415 2821 463 2862 et
499 2832 582 2876 per
610 2821 795 2863 noctem
823 2821 861 2860 V
992 2824 1047 2863 20
1078 2794 1375 2876 popularium
1410 2823 1542 2861 11³2
1580 2820 1637 2874 cf.
1663 2823 1770 2875 185,
1795 2832 1838 2862 29

158 2877 308 2931 possis
335 2877 663 2934 populosamm
694 2878 816 2935 [aut]
938 2883 993 2921 23
1025 2879 1129 2923 add.
1163 2894 1190 2921 a
1220 2879 1318 2936 (ubi
1346 2878 1463 2922 haec
1493 2880 1667 2935 tamen)
