2014 3202
848 140 913 184 IV
936 143 1007 196 21,
1032 153 1167 184 5—11.
1732 139 1839 192 263

174 283 317 332 eum,
364 263 456 332 qui
497 266 676 316 actum
714 261 975 329 decernit,
1021 260 1304 313 malivolae
1350 259 1537 313 stellae
1578 261 1726 313 solae
1765 279 1847 314 re·

175 337 466 408 spexerint,
524 337 665 389 vitae
717 334 1084 388 humilitatem
1145 337 1199 387 et
1261 333 1530 387 subiectos
1586 337 1737 387 actus
1794 337 1851 387 et

174 411 471 465 laboriosos
527 411 818 463 decernunt
872 411 925 460 et
979 408 1207 460 reddunt
1260 407 1422 476 tales,
1477 408 1570 476 qui
1616 408 1672 460 in
1716 408 1852 477 ipsis

176 486 384 538 actibus
425 482 661 536 adsiduis
691 481 974 552 pulsentur
1003 481 1257 534 infamiis.
1328 481 1531 544 Quodsi
1563 481 1851 535 malivolae

130 580 152 612 5
178 563 231 612 et
254 558 532 611 benivolas
565 555 752 609 stellae
784 556 1092 609 decernenti
1123 558 1304 608 actum
1337 555 1607 625 aequabili
1638 554 1849 608 ratione

176 631 528 701 consentiant,
567 648 752 683 omnes
794 630 975 682 omnia
1014 647 1111 698 pro
1152 647 1250 682 sua
1286 628 1494 682 faciunt
1531 632 1727 682 natura
1764 629 1851 681 de-

174 705 444 773 cernendi3
474 703 725 757 fortiores
758 722 884 756 vero
918 706 1089 771 erunt,
1121 703 1213 772 qui
1245 721 1300 755 se
1335 702 1525 756 maiori
1548 702 1850 756 radiatione

174 778 559 833 coniunxerint.

320 852 687 905 Mercurius.
769 849 823 903 Si
865 850 1164 903 Mercurius
1214 853 1395 903 actum
1446 850 1740 904 decreverit
1794 853 1850 903 et
1902 849 1940 902 9

106 948 149 980 ιο
173 926 337 979 fuerit
359 926 418 978 in
439 924 829 994 principalibus
853 924 987 977 locis
1012 923 1357 988 constitutus,
1383 924 1524 977 sicut
1549 925 1611 977 de
1638 923 1851 976 Venere

173 1003 228 1053 et
266 1000 329 1052 de
361 999 537 1052 Marte
577 1002 701 1051 ante
741 998 987 1062 diximuS,
1027 1001 1082 1051 et
1122 998 1195 1050 sit
1226 998 1283 1050 in
1314 1016 1412 1050 sua
1444 997 1729 1050 altitudine
1762 997 1851 1050 vel

172 1074 230 1126 in
267 1073 465 1126 finibus
506 1073 616 1125 suis
658 1075 751 1125 aut
788 1072 847 1124 in
877 1073 1035 1125 domo
1070 1090 1181 1139 sua,
1212 1071 1433 1139 <omnia
1463 1090 1561 1141 pro
1596 1071 1729 1140 sua>
1758 1090 1853 1124 na·

172 1151 297 1199 tura
328 1147 588 1214 decernit3
619 1146 751 1199 facit
782 1146 926 1198 enim
957 1149 1052 1198 aut
1082 1163 1238 1216 reges
1272 1150 1366 1198 aut
1397 1145 1662 1198 iudicibus
1693 1163 1852 1214 prae-

174 1221 381 1288 positos
437 1223 531 1273 aut
578 1220 654 1272 eis
700 1220 937 1272 rationes
991 1220 1169 1289 regias
1225 1219 1368 1272 credi
1415 1223 1509 1272 aut
1554 1219 1852 1289 magistros

107 1316 149 1348 15
173 1295 584 1363 imperatorum,
632 1296 726 1346 aut
762 1293 849 1346 his
890 1293 1092 1346 similes
1134 1296 1286 1346 actus
1327 1293 1475 1346 omni
1514 1293 1724 1346 ratione
1764 1293 1854 1346 de·

173 1369 343 1421 cernit
382 1368 673 1420 secundum
713 1367 994 1436 signorum
1023 1370 1272 1419 naturam
1307 1370 1362 1419 et
1394 1384 1580 1419 eorum
1611 1369 1851 1436 potesta-

171 1445 303 1510 tem,
352 1442 444 1510 qui
491 1441 539 1494 ei
587 1440 960 1493 testimonium
1008 1440 1413 1493 commodarint.
1490 1440 1647 1493 Facit
1685 1440 1852 1492 etiam

173 1519 412 1568 oratores
435 1515 733 1567 archiatros
751 1514 1162 1566 mathematicos
1180 1514 1486 1584 astrologos
1510 1514 1850 1586 haruspices3

174 1590 266 1642 sed
304 1589 435 1641 haec
474 1587 573 1658 pro
613 1588 892 1658 signorum
930 1590 1199 1657 potestate
1232 1587 1486 1641 decernit.
1562 1587 1627 1640 In
1659 1586 1848 1640 solidis
1868 1587 1940 1641 10

107 1685 150 1716 20
174 1662 317 1715 enim
356 1662 684 1715 constitutus
724 1661 921 1714 iudicia
952 1661 1187 1714 maxima
1218 1661 1459 1715 decernit
1489 1661 1853 1730 rationesque.

175 1736 233 1790 Si
271 1754 396 1788 vero
435 1736 493 1788 in
531 1735 754 1805 tropicis
793 1735 963 1805 signis
995 1734 1160 1788 fuerit
1190 1734 1457 1803 inventus,
1495 1754 1560 1788 ex
1592 1735 1854 1788 mutatio-

171 1811 332 1863 nibus
380 1814 474 1862 aut
527 1827 591 1862 ex
636 1807 1174 1878 interpretationibus
1221 1809 1461 1862 decernit
1508 1807 1701 1862 officia.
1784 1807 1854 1861 In

174 1883 656 1952 aequinoctialibus
724 1882 894 1952 signis
956 1883 1167 1951 positus
1228 1881 1555 1951 ponderibus
1616 1882 1851 1950 publicis

173 1957 473 2025 praeponit.
546 1955 612 2008 In
664 1956 969 2024 duplicibus
1026 1974 1151 2008 vero
1207 1956 1377 2025 signis
1432 1955 1682 2007 inventus
1739 1973 1852 2008 cor·

107 2052 149 2085 25
174 2031 329 2083 datos
361 2029 671 2099 ingeniosos
702 2029 1011 2082 inventores
1043 2029 1349 2097 astrologos
1382 2031 1437 2080 et
1466 2028 1664 2097 omnia,
1694 2046 1852 2098 quae-

176 2121 402 2172 cumque
455 2102 541 2155 his
597 2102 804 2155 artibus
867 2120 928 2155 ac
983 2100 1278 2170 disciplinis
1334 2101 1534 2154 similia
1586 2102 1853 2171 videntur,

175 2178 285 2245 †ac
308 2175 538 2228 ·ratione
589 2175 839 2228 decernit.
919 2173 1255 2227 Generaliter
1300 2175 1485 2244 itaque
1531 2175 1666 2227 illud
1713 2175 1851 2229 scire
1872 2177 1938 2230 11

177 2251 446 2318 debemu8‚
485 2249 649 2317 quod,
689 2248 1168 2317 quotienscumque
1206 2247 1505 2303 Mercurius
1546 2252 1727 2301 actum
1766 2250 1851 2301 de-

176 2324 424 2392 creverit,
472 2322 520 2374 si
567 2322 935 2375 benivolarum
982 2322 1263 2375 stellarum
1309 2322 1474 2376 fuerit
1520 2322 1849 2375 testimoniis

109 2421 153 2453 30
177 2397 482 2464 adornatuS,
522 2395 754 2465 gloriam
785 2395 1155 2464 honorumque
1186 2414 1468 2465 processus
1502 2399 1555 2448 et
1586 2396 1851 2448 maximae

178 2469 518 2523 auctoritatis
567 2469 803 2522 decernit
849 2469 1104 2539 insignia3
1159 2473 1346 2523 contra
1392 2487 1518 2522 vero
1567 2469 1851 2522 malivolae

327 2635 349 2672 1
384 2630 492 2672 actu
515 2633 548 2671 P
632 2632 657 2671 6
682 2641 839 2671 omnes
864 2641 946 2672 om.
971 2632 1015 2671 Π
1042 2633 1048 2678 1
1076 2628 1262 2672 decerni
1285 2643 1311 2672 σ
1381 2633 1404 2671 7
1437 2630 1573 2672 erunt
1595 2627 1666 2686 A‘]
1691 2641 1853 2672 eorum

181 2688 188 2746 ff
215 2701 263 2732 se
294 2702 375 2733 om.
394 2692 439 2730 Π
473 2689 479 2744 Ι
514 2685 905 2730 radiatiationelt
1025 2691 1051 2730 8
1083 2687 1434 2740 coiunxerintu
1465 2686 1755 2731 coniunxerit
1769 2691 1850 2731 PB

181 2751 235 2789 10
250 2746 392 2790 fuerit
407 2760 489 2790 om.
503 2750 548 2789 u
575 2747 581 2801 Ι
610 2745 835 2789 constitus
850 2749 896 2788 Π
923 2747 929 2803 Ι
957 2745 1015 2789 de
1030 2759 1197 2790 uenere
1215 2749 1263 2790 et
1284 2747 1484 2804 qeminat
1498 2750 1544 2788 Η
1627 2750 1682 2789 12
1698 2747 1846 2803 suppl.

179 2821 206 2847 κ
236 2807 293 2859 cf.
326 2806 354 2848 l.
389 2809 418 2849 6
448 2811 488 2849 et
517 2808 623 2858 255,
647 2815 669 2845 8
796 2809 851 2847 14
881 2804 1062 2848 ratione
1084 2810 1129 2848 Π
1257 2811 1311 2848 15
1345 2807 1476 2848 actus
1499 2803 1588 2862 Hb]
1629 2806 1758 2848 actos
1779 2809 1851 2848 1⁸

181 2865 388 2917 auctores
411 2868 444 2905 P
476 2865 637 2907 auctos
659 2867 698 2905 Β.
812 2867 864 2906 17
898 2862 941 2906 ei
964 2864 1201 2923 Ne'methy]
1227 2866 1275 2907 et
1380 2868 1436 2906 20
1468 2862 1720 2907 constituto
1749 2868 1813 2907 ΒΕ
1838 2864 1845 2923 Ι

179 2921 399 2979 maxima]
423 2935 595 2979 magna
617 2926 685 2964 m
775 2927 830 2965 27
863 2922 950 2965 hac
982 2921 1031 2965 A'
1065 2937 1103 2967 v.
1135 2937 1176 2980 y.
1209 2922 1440 2977 frequenti
1470 2924 1561 2967 sive
1590 2921 1719 2966 facili
