2014 3202
227 122 332 175 186
947 120 1173 165 FIRMICI

224 246 317 294 aut
357 241 670 294 civitatibus
708 241 1055 311 honorentur,
1095 241 1189 294 sed
1229 242 1321 310 qui
1361 242 1423 294 de
1462 239 1644 294 uxoris
1684 241 1896 294 actibus

222 315 502 368 infamiam
556 315 896 368 contrahant.
978 315 1280 367 Matutinus
1334 333 1461 367 vero
1511 315 1568 367 in
1621 314 1723 367 hoc
1776 314 1910 368 loco'

223 407 343 442 cum
381 387 590 441 Venere
640 388 969 441 constitutus
1017 389 1297 442 modorum
1346 389 1672 441 musicorum
1717 388 1898 441 inven-

221 466 370 515 tores
408 462 592 530 faciet‚
641 461 731 514 sed
772 464 1042 515 scaenicos
1082 466 1137 515 et
1174 462 1405 530 publicis
1447 462 1766 530 spectaculis
1813 462 1897 514 de-

222 537 470 606 stinatOS,
510 536 652 589 circa
690 535 909 604 nuptias
947 553 1073 588 vero
1111 536 1373 604 infelices3
1419 538 1512 588 aut
1551 536 1695 588 enim
1733 553 1897 588 mere·
1942 556 1962 590 5

220 610 383 663 trices
424 612 517 661 aut
555 609 799 678 publicas
847 612 941 661 aut
988 610 1256 662 scaenicas
1305 613 1398 662 aut
1434 609 1662 662 infames
1701 627 1894 662 uxores

221 684 519 752 habebunt,
583 683 799 751 quidam
853 685 907 735 et
961 686 1228 735 amatores
1290 687 1446 736 erunt
1498 701 1788 752 puerorum
1841 688 1896 736 et

223 758 518 809 multarum
556 757 843 809 libidinum
881 755 1092 809 vitiosis
1134 757 1504 825 voluptatibus
1544 756 1804 825 inplicati.

46 907 49 909 Δ
137 831 202 884 18
369 830 435 883 In
471 829 563 884 XI.
603 831 722 883 loco
763 831 829 882 ab
868 830 1171 899 horoscopo
1204 829 1500 883 Mercurius
1533 849 1654 883 cum
1690 830 1896 883 Venere

221 905 552 957 constitutus
591 904 754 957 faciet
792 904 1077 956 mulierum
1115 904 1336 973 negotia
1365 907 1662 956 tractantes
1695 907 1750 956 et
1782 904 1893 972 qui·
1918 925 1961 956 10

221 979 323 1030 bus
376 978 662 1030 mulierum
713 978 1019 1030 substantia
1068 978 1338 1046 credatur,
1391 981 1452 1030 ut
1502 995 1566 1030 ex
1615 977 1722 1030 isto
1771 981 1894 1030 actu

222 1052 457 1104 maxima
479 1052 588 1105 illis
612 1052 926 1120 patrimonii
949 1051 1189 1103 subsidia
1213 1051 1570 1119 conferantur,
1595 1052 1685 1104 sed
1708 1056 1898 1120 postea

220 1126 279 1178 in
295 1126 770 1179 contrarietatibus
791 1129 885 1177 aut
901 1126 958 1177 in
973 1125 1195 1178 iacturis
1215 1124 1463 1177 maximis
1483 1125 1895 1177 constituantur.

138 1201 203 1252 19
369 1199 435 1251 In
473 1199 593 1252 XII.
627 1200 745 1252 loco
778 1199 845 1251 ab
876 1199 1177 1267 horoscopo
1210 1198 1508 1251 Mercurius
1541 1217 1663 1251 cum
1689 1198 1897 1250 Venere

224 1272 552 1326 constitutus
593 1273 639 1326 si
679 1291 773 1342 per
812 1273 952 1325 diem
991 1273 1067 1325 sic
1105 1272 1270 1325 fuerit
1308 1273 1556 1325 inventus
1567 1314 1581 1342 ,
1629 1276 1895 1324 amatores
1922 1292 1965 1325 15

222 1346 387 1400 faciet
448 1350 503 1399 et
565 1366 629 1399 ex
690 1364 933 1400 amorum
994 1347 1129 1399 vitio
1193 1347 1525 1413 laborantem,
1586 1346 1896 1415 perspicuos

223 1424 406 1473 tamen
445 1425 499 1473 et
539 1421 787 1474 omnibus
826 1424 986 1473 notos
1026 1420 1083 1472 in
1121 1420 1242 1472 istis
1282 1420 1452 1488 vitiis3
1492 1419 1686 1472 deferri
1717 1423 1898 1471 tamen

224 1498 445 1562 propter
484 1495 585 1547 hoc
623 1494 703 1563 [et
740 1493 939 1547 adferri
975 1496 1180 1561 tamen]
1220 1493 1384 1547 faciet
1423 1496 1477 1546 et
1519 1493 1796 1563 compellit
1834 1511 1896 1545 ex

224 1568 331 1619 ista
391 1567 656 1620 delatione
718 1568 983 1635 damnari,
1044 1567 1207 1620 faciet
1268 1567 1615 1619 biothanatos
1677 1567 1896 1619 interire

133 1642 206 1694 20
223 1643 443 1708 propter
480 1641 613 1693 haec
654 1641 820 1692 animi
858 1641 1007 1708 vitia,
1046 1658 1180 1708 quae
1220 1640 1466 1694 diximus,
1544 1639 1603 1692 Si
1640 1658 1766 1693 vero
1801 1658 1897 1708 per
1920 1661 1964 1692 20

221 1718 436 1766 noctem
476 1715 534 1766 in
569 1714 673 1767 hoc
711 1715 831 1767 loco
877 1713 1079 1765 fuerint
1123 1714 1351 1782 inventi,
1399 1732 1429 1765 a
1467 1713 1782 1766 mulieribus
1820 1712 1895 1765 in-

224 1788 400 1857 dignis
440 1788 641 1840 multas
679 1787 844 1841 faciet
874 1786 1274 1855 persecutiones
1307 1790 1400 1838 aut
1434 1786 1526 1855 qui
1557 1786 1895 1839 meretricem

223 1861 422 1914 amoris
454 1861 720 1914 instinctu
752 1879 1062 1929 comparare
1096 1863 1372 1930 cogantur,
1405 1860 1743 1913 mechanicos
1768 1878 1894 1913 vero

222 1940 278 1987 et
318 1935 410 2003 qui
446 1935 506 1987 in
543 1935 628 1987 his
669 1935 878 1988 actibus
918 1933 1311 2002 multiplicibus
1351 1933 1616 1999 †iustitiis
1650 1933 1894 2002 occupati

222 2027 339 2062 esse
379 2008 681 2078 videantur3
729 2009 820 2060 sed
868 2009 959 2078 qui
1005 2007 1312 2075 frequenter
1360 2008 1426 2060 ab
1466 2007 1720 2060 instituto
1761 2008 1895 2060 deci·
1919 2022 1963 2060 25

222 2083 352 2134 dant
391 2086 446 2135 et
486 2083 577 2151 qui
617 2082 823 2135 actibus
858 2101 919 2134 ac
950 2081 1185 2151 negotiis
1219 2084 1312 2132 aut
1344 2100 1375 2132 a
1407 2081 1758 2134 facultatibus
1785 2081 1896 2134 suis

221 2155 594 2223 frequentibus
636 2156 844 2208 soleant
885 2154 987 2224 [in]
1030 2154 1329 2206 rationibus
1370 2154 1559 2223 decipi.

371 2319 397 2357 3
430 2314 655 2358 constitus
687 2319 720 2357 P
866 2319 892 2357 5
924 2313 1189 2357 meretrices
1219 2312 1432 2369 publicas
1464 2312 1513 2356 A'
1547 2315 1602 2368 cf.
1629 2315 1732 2366 152,
1756 2322 1777 2352 3
1806 2312 1897 2366 IV,

223 2376 295 2428 13,
321 2383 351 2413 3.
376 2383 397 2413 4
516 2379 540 2417 6
575 2372 795 2417 sceniceis
826 2378 859 2415 P
891 2375 936 2429 (a
966 2387 1021 2417 ea:
1051 2386 1162 2416 corr.
1195 2375 1248 2426 B.)
1370 2377 1395 2415 9
1429 2386 1533 2415 cum
1563 2372 1740 2414 Venere
1773 2371 1817 2428 σ]
1850 2373 1898 2414 et

223 2445 368 2474 uenus
491 2437 543 2474 11
578 2432 868 2476 substantiae
898 2436 936 2474 V
971 2435 976 2488 Ι
1012 2431 1259 2474 credantur
1287 2435 1378 2474 MV
1507 2435 1559 2474 13
1590 2431 1694 2484 fort.
1728 2428 1897 2472 consti-

222 2492 418 2533 tuuntur
539 2495 592 2534 18
624 2492 707 2534 del.
733 2490 781 2533 A'
904 2495 958 2533 21
991 2489 1168 2532 inventi
1191 2503 1273 2533 om.
1298 2494 1343 2532 M
1370 2490 1375 2547 Ι
1402 2487 1627 2546 indignis]
1659 2487 1808 2543 ingeri
1838 2487 1895 2530 iis

225 2549 422 2593 Mueller
541 2554 595 2591 22
629 2548 709 2605 qui
732 2549 803 2607 A']
837 2548 911 2592 cui
1030 2553 1086 2592 23
1119 2547 1306 2604 stinctu‚
1345 2562 1455 2592 corr.
1483 2546 1574 2595 QA‘
1604 2548 1609 2605 Ι
1639 2545 1727 2589 sibi
1759 2559 1896 2602 copu-

223 2607 321 2651 lare
352 2625 379 2651 κ
411 2608 466 2662 cf.
493 2611 598 2661 152,
623 2618 655 2651 4.
689 2612 794 2662 184,
818 2621 837 2649 5
877 2608 952 2651 VI
966 2608 1045 2662 fol.
1071 2607 1321 2650 LXXXV
1343 2607 1421 2650 col.
1447 2610 1475 2648 4
1506 2607 1599 2649 ima
1625 2605 1631 2662 Ι
1659 2607 1895 2661 rogantur,

222 2680 335 2710 corr.
361 2665 409 2709 A'
463 2667 468 2723 Ι
524 2665 805 2722 medianico‚
845 2680 957 2710 corr.
990 2679 1053 2710 κσ
1091 2667 1146 2721 cf.
1180 2666 1222 2708 V
1247 2666 1280 2719 f.
1306 2665 1433 2708 LIX
1468 2665 1547 2708 col.
1573 2668 1599 2707 1
1624 2678 1680 2706 m.
1721 2664 1794 2706 VI
1816 2664 1895 2718 fol.

223 2725 482 2769 LXXVII
505 2726 583 2769 col.
609 2728 638 2768 4
667 2726 731 2768 in.
853 2730 909 2767 24
939 2724 990 2767 in
1017 2738 1098 2768 om.
1123 2728 1248 2766 PBV
1276 2725 1282 2781 Ι
1309 2721 1597 2778 multipliciis
1622 2721 1724 2777 (-cis
1748 2724 1895 2778 MW),

223 2797 334 2827 corr.
367 2782 417 2826 A‘
476 2787 482 2841 Ι
538 2783 588 2826 in
631 2782 756 2826 vitiis
803 2784 1022 2840 Ne'methy
1067 2780 1296 2825 institutis
1343 2782 1586 2825 Buecheler
1630 2781 1681 2824 cl.
1717 2783 1829 2834 183,
1856 2791 1894 2821 14

226 2847 278 2884 27
314 2842 444 2901 (ab)
468 2841 649 2886 actibus
674 2846 712 2884 A
753 2843 758 2898 Ι
809 2855 837 2884 a
860 2855 941 2885 om.
967 2846 1012 2883 M
1054 2843 1060 2897 Ι
1102 2840 1196 2883 suis
1228 2854 1308 2884 om.
1334 2844 1367 2881 P
1531 2844 1584 2882 27
1617 2839 1895 2895 frequenter,

224 2914 335 2943 corr.
370 2917 397 2944 κ
425 2902 430 2957 l
458 2902 540 2945 del.
574 2918 601 2944 κ
633 2902 688 2954 cf.
715 2905 819 2953 190,
845 2910 876 2942 4.
908 2903 1016 2953 202,
1039 2911 1059 2940 5
