2014 3202
865 126 930 171 111
953 131 994 183 9,
1020 139 1134 172 1—7.
1732 125 1842 179 169

159 248 286 317 rint,
324 246 633 317 frequenter
671 250 880 301 mutare
920 246 1210 316 domicilia,
1248 250 1303 299 et
1336 265 1576 300 annonae
1609 250 1702 299 aut
1731 246 1840 299 fru-

160 325 468 374 mentorum
522 324 616 374 aut
668 322 912 375 locorum
964 322 1300 390 quorundam
1348 321 1688 390 praepositos
1744 325 1840 374 aut

161 413 495 465 gemmarum
535 399 628 447 aut
666 395 1086 469 margaritarum
1125 398 1219 448 aut
1258 398 1560 448 aromatum
1600 399 1694 447 aut
1732 413 1840 447 me-

160 470 416 522 tallorum
446 469 805 540 praepositos;
836 469 1038 523 facient
1063 470 1227 522 etiam
1253 473 1307 523 et
1339 487 1615 523 sacrorum
1641 469 1838 537 <simu-

116 564 137 596 5
159 542 467 612 lacrorum>
505 512 820 611 sculptores'.

307 617 367 668 In
421 619 572 670 sexto
633 615 801 687 [loco]
863 621 917 670 et
967 618 1023 670 in
1072 617 1194 670 XII.
1246 617 1313 670 ab
1363 617 1666 686 horoscopo
1717 616 1894 671 10006

158 689 432 759 partiliter
478 691 762 744 constituti
802 691 1101 745 Mercurius
1148 695 1203 744 et
1243 690 1506 744 Saturnus
1548 690 1734 743 eadem
1773 690 1839 742 si·

159 764 275 816 mili
313 764 523 818 ratione
563 764 871 818 decernunt.
936 765 994 818 Si
1027 765 1169 818 enim
1200 784 1296 834 per
1328 765 1470 818 diem
1499 765 1556 817 in
1586 764 1675 817 his
1705 764 1839 817 locis

158 837 360 890 fuerint
398 838 629 909 inventi,
682 840 972 892 multarum
1021 839 1388 892 doctrinarum
1436 839 1577 892 scios
1622 838 1840 904 facient,

13 915 20 923 '
94 935 138 966 10
161 910 547 964 absconsarum
588 913 788 966 artium
824 913 1068 967 doctrina
1104 912 1386 983 pollentes,
1426 916 1480 965 et
1520 912 1613 981 qui
1645 911 1840 980 omnia,

161 1003 296 1054 quae
336 986 394 1038 in
430 987 592 1039 rebus
639 987 889 1040 humanis
930 991 1078 1052 sunt,
1124 987 1293 1040 velint
1332 988 1490 1055 scire,
1535 986 1841 1039 malitiosos

161 1077 286 1112 sane
334 1063 388 1113 et
426 1059 636 1113 invidos
681 1064 734 1114 et
774 1062 867 1130 qui
912 1061 1061 1114 vitiis
1108 1065 1203 1113 aut
1248 1059 1638 1114 valitudinibus
1683 1060 1840 1129 inpli-

160 1137 365 1186 centur.
433 1133 538 1186 Per
575 1139 790 1188 noctem
826 1153 952 1188 vero
990 1135 1048 1188 in
1079 1134 1172 1187 VI.
1206 1138 1261 1187 et
1298 1135 1354 1187 in
1394 1134 1518 1187 XII.
1557 1134 1840 1204 geniturae

160 1207 281 1260 loco
323 1206 588 1261 Saturnus
629 1212 683 1261 et
721 1208 1021 1262 Mercurius
1070 1208 1354 1262 constituti
1392 1207 1655 1261 falsarum
1692 1208 1838 1261 litte-

94 1303 136 1335 15
160 1299 343 1333 rarum
383 1285 645 1350 auctoreS,
685 1283 977 1336 sceleratos
1017 1283 1323 1335 malitiosos
1362 1282 1647 1335 malivolos
1685 1300 1841 1335 vene-

159 1355 291 1408 ficos
332 1355 552 1424 facient,
600 1357 693 1408 sed
734 1357 826 1425 qui
874 1375 1085 1428 semper
1131 1356 1381 1409 maximis
1430 1355 1586 1409 malis
1634 1359 1688 1408 et
1726 1375 1841 1408 ma-

157 1428 320 1480 ximis
359 1430 773 1483 necessitatibus
820 1430 1177 1500 implicentur.
1257 1429 1361 1483 Sed
1401 1430 1448 1482 si
1487 1430 1543 1482 in
1581 1429 1667 1482 his
1706 1429 1840 1482 locis

161 1502 238 1555 sic
290 1503 499 1571 positos
545 1503 874 1557 Mercurium
929 1507 983 1557 et
1034 1502 1327 1557 Saturnum
1382 1503 1494 1556 sive
1548 1522 1645 1572 per
1698 1503 1841 1556 diem

162 1575 273 1628 sive
312 1595 409 1645 per
439 1579 655 1630 noctem
685 1577 832 1630 Mars
873 1579 1054 1647 aliqua
1086 1579 1385 1631 radiatione
1418 1577 1714 1646 respexerit
1747 1580 1841 1630 aut

92 1673 136 1703 20
158 1668 255 1718 per
310 1650 633 1719 quadratum
689 1655 783 1704 aut
835 1671 932 1721 per
986 1652 1331 1721 diametrum,
1387 1651 1481 1721 [si]
1537 1651 1841 1704 inevitabili

160 1724 303 1807 malo
329 1724 638 1793 implicatos
662 1724 909 1778 homines
933 1726 1181 1795 publicae
1206 1725 1399 1779 mortis
1423 1724 1588 1779 faciet
1605 1726 1841 1778 animad-

160 1815 404 1851 versione
443 1818 638 1867 puniri.

308 1871 374 1924 In
427 1874 659 1941 septimo
711 1873 834 1927 loco
885 1874 953 1926 ab
998 1874 1303 1943 horoscopo
1354 1874 1496 1926 idest
1544 1873 1601 1926 in
1648 1876 1891 1927 occasu?

161 1944 461 1999 Mercurius
501 1950 556 1999 et
592 1945 858 2000 Saturnus
897 1947 1104 2016 pariter
1142 1947 1429 2001 constituti
1464 1946 1687 1999 heredes
1726 1965 1840 1998 mu-

96 2039 138 2072 25
162 2018 356 2071 lierum
394 2023 448 2072 et
486 2038 805 2090 magnarum
845 2021 1167 2074 facultatum
1204 2020 1482 2073 desideriis
1515 2023 1840 2089 aestuantes,

161 2091 356 2160 †forte
396 2111 520 2146 vero
562 2098 617 2146 et
648 2098 918 2147 amatores
951 2093 1251 2147 mulierum.
1330 2092 1389 2146 Si
1426 2112 1554 2147 vero
1584 2113 1681 2163 per
1710 2111 1840 2147 noc-

160 2169 272 2219 tem
316 2166 374 2218 in
420 2167 523 2220 hoc
568 2166 688 2220 loco
735 2167 939 2220 fuerint
983 2167 1211 2237 inventi,
1260 2166 1317 2220 in
1365 2167 1512 2220 omni
1559 2186 1840 2221 conversa-

160 2239 307 2294 tione
347 2240 490 2292 vitae
529 2241 755 2293 miseros
794 2241 1012 2310 facient,
1051 2242 1143 2310 qui
1183 2240 1432 2294 maximis
1473 2242 1672 2294 debitis
1705 2243 1838 2295 obli-

162 2319 370 2384 gentur,
416 2313 644 2367 vitiosos
683 2317 866 2366 tamen
905 2318 959 2368 et
998 2315 1217 2368 debiles.
1292 2314 1471 2368 Erunt
1510 2319 1692 2368 autem
1730 2334 1840 2368 ma-

92 2409 136 2441 30
159 2386 296 2458 ligni
350 2387 632 2456 malitiosi,
687 2388 905 2457 quidam
958 2392 1140 2442 tamen
1191 2389 1429 2442 accusati
1482 2389 1539 2442 in
1594 2390 1842 2443 custodia

157 2461 376 2530 publica
416 2462 832 2514 constituuntur.

309 2625 332 2664 1
365 2620 700 2665 frumentorum
724 2620 796 2680 Κ]
828 2620 1134 2678 fugitiuorum
1165 2625 1235 2679 (at
1265 2622 1540 2680 Diy.X14,
1566 2631 1585 2662 1
1614 2622 1689 2676 eft.
1716 2621 1837 2677 Mo.)

159 2684 188 2723 4
218 2680 325 2724 add.
357 2697 386 2724 κ
417 2681 474 2735 cf.
501 2681 707 2725 Maneth.
739 2681 821 2724 IV
839 2684 942 2725 130
975 2684 1076 2726 343
1111 2684 1202 2726 569
1330 2687 1356 2725 6
1388 2682 1472 2725 del.
1498 2697 1526 2724 κ
1655 2685 1707 2723 11
1741 2680 1839 2724 1101-

159 2738 271 2795 lent,
302 2753 415 2783 corr.
440 2754 471 2782 v
592 2745 646 2783 15
679 2739 978 2783 sceleratores
1008 2744 1211 2783 11⁸an
1238 2743 1244 2797 Ι
1270 2740 1495 2784 veneficos
1528 2740 1572 2798 σ]
1603 2738 1840 2784 maleficos

159 2796 279 2841 bene
308 2799 430 2854 (fort.
455 2798 726 2843 venenarios
756 2804 810 2842 ut
838 2802 943 2853 164,
967 2800 1025 2855 14)
1146 2804 1202 2843 20
1235 2799 1275 2842 si
1306 2800 1389 2843 del.
1414 2802 1452 2841 V
1572 2803 1626 2841 21
1661 2797 1839 2842 anima-

161 2855 373 2899 uersione
403 2861 442 2899 R.
576 2862 632 2902 25
664 2857 946 2900 falcutatum
978 2861 1018 2900 Β
1151 2862 1207 2902 26
1239 2858 1383 2902 fortes
1423 2857 1529 2902 Sittl
1568 2859 1839 2901 aestuantes

161 2913 338 2958 facient
368 2916 508 2970 atque
539 2915 588 2958 A‘
712 2921 767 2960 28
798 2930 953 2973 ‘nempe
984 2918 1032 2960 et
1062 2916 1143 2973 qui
1263 2921 1316 2960 31
1351 2915 1692 2960 constituentur
1722 2920 1768 2959 Π
