2014 3202
170 152 274 205 166
902 152 1132 198 FIRMICI

167 273 423 325 honestos
459 275 511 324 et
543 289 749 342 graves,
807 272 1010 335 Quodsi
1043 274 1120 326 sic
1143 274 1312 343 positi
1336 272 1538 326 fuerint
1568 273 1626 325 in
1649 277 1843 343 quarto
1901 320 1904 323 ,

166 347 286 399 loco
335 346 638 429 geniturae,
694 346 1137 399 considerandum
1184 351 1268 400 est
1318 348 1570 415 maxime,
1625 348 1683 400 in
1737 366 1842 417 quo

168 421 278 472 sint
324 419 478 490 signo
528 419 815 472 constituti
862 423 916 472 et
963 421 1055 489 qui
1103 421 1175 474 sit
1221 422 1335 474 eius
1383 421 1526 492 signi
1573 421 1843 491 dominus3

165 493 529 569 periculosum
575 498 658 546 est
704 492 848 545 enim
894 495 1148 562 maxime,
1195 495 1243 547 si
1288 495 1345 547 in
1390 496 1492 548 hoc
1539 495 1658 549 loco
1706 495 1844 548 Mer-

169 567 349 620 curius
387 554 599 636 positus
639 567 696 619 in
738 566 958 620 Saturni
997 569 1157 621 domo
1196 568 1361 621 fuerit
1399 563 1665 622 inventus,
1889 589 1910 622 5

117 641 152 693 5
316 641 379 693 In
420 642 609 710 quinto
647 641 768 694 loco
811 639 905 693 Sol
951 659 1073 694 cum
1111 641 1378 695 Mercurio
1427 642 1495 695 ab
1538 643 1843 712 horoscopo

168 716 497 768 constitutus
529 714 799 784 partiliter
829 714 995 768 faciet
1017 716 1228 768 nobiles
1261 720 1317 769 et
1348 717 1441 786 qui
1473 717 1655 769 omnia
1685 716 1844 769 facile

166 789 469 857 perficient,
525 789 617 841 sed
662 789 996 858 periculosos
1045 792 1099 842 et
1150 789 1242 858 qui
1286 808 1397 843 non
1439 790 1676 843 habeant
1730 809 1844 858 per-

165 866 387 931 petuam
432 862 752 915 felicitatem
806 866 860 916 et
915 863 1007 932 qui
1056 863 1258 916 multos
1302 863 1450 916 facili
1496 864 1707 918 ratione
1754 865 1845 916 de-

169 936 1913 1005 cipiant.10

118 1010 150 1062 6
314 1009 381 1062 111
420 1013 571 1063 sexto
610 1011 730 1063 loco
771 1011 838 1063 ab
877 1011 1179 1080 horoscopo
1219 1009 1516 1064 Mercurius
1557 1029 1680 1064 cum
1719 1010 1843 1064 Sole

166 1084 437 1153 partiliter
463 1087 793 1137 constitutus
825 1084 1095 1154 ignobiles
1121 1103 1304 1137 servos
1328 1085 1630 1138 laboriosos
1658 1085 1844 1156 pigros

167 1158 331 1211 faciet
362 1163 417 1210 et
450 1177 677 1227 quorum
701 1162 883 1227 patres
907 1157 1231 1228 nesciantur,
1257 1158 1419 1211 orbos
1452 1178 1484 1211 a
1514 1159 1846 1228 parentibuS,

168 1232 352 1284 tardos
399 1232 457 1284 in
503 1232 739 1299 actibuS,
796 1235 850 1284 et
898 1231 990 1300 qui
1035 1231 1172 1284 nihil
1220 1232 1474 1301 consequi
1520 1233 1755 1301 possint,
1801 1232 1847 1286 si

166 1306 316 1358 nulla
362 1306 521 1358 stella
566 1306 623 1358 in
662 1305 727 1358 X.
773 1306 841 1358 ab
887 1305 1190 1375 horoscopo
1238 1307 1357 1359 loco
1405 1306 1569 1358 fuerit
1613 1307 1845 1359 inventa.
1870 1326 1914 1359 15

167 1378 265 1448 <Si
302 1398 429 1432 vero
469 1379 526 1432 in
557 1379 622 1432 X.
654 1380 774 1432 loco
816 1380 883 1432 ab
919 1380 1223 1448 horoscopo
1264 1380 1423 1432 stella
1463 1381 1645 1463 aliqua
1682 1380 1848 1432 fuerit

168 1453 447 1522 inventa),
493 1453 806 1506 divitiarum
852 1453 1207 1524 ingenuitatis
1256 1458 1311 1506 et
1360 1454 1565 1537 gloriae
1612 1453 1849 1524 insignia

171 1527 541 1595 conferuntur,
586 1527 910 1595 praesertim
957 1528 1003 1580 si
1050 1528 1300 1581 benivola
1338 1528 1498 1603 stella
1544 1528 1603 1580 in
1640 1526 1847 1581 decimo

169 1600 290 1653 loco
329 1599 493 1653 fuerit
531 1601 764 1653 inventa.

122 1674 150 1725 7
315 1673 380 1726 In
434 1674 663 1742 septimo
718 1674 839 1727 loco
894 1674 961 1726 ab
1015 1675 1319 1743 horoscopo
1370 1674 1667 1727 Mercurius
1724 1693 1845 1727 cum
1869 1696 1913 1727 20

171 1747 294 1800 Sole
325 1746 598 1816 partiliter
630 1748 976 1811 constitutUS,
1006 1747 1148 1800 idest
1179 1748 1236 1799 in
1267 1766 1475 1816 occasu,
1508 1748 1553 1800 si
1584 1766 1681 1817 per
1704 1748 1847 1801 diem

169 1822 229 1873 in
264 1821 368 1874 hoc
406 1822 527 1874 loco
566 1821 730 1874 fuerit
768 1821 1042 1889 inventus,
1087 1821 1251 1874 faciet
1297 1821 1369 1890 ei,
1422 1821 1513 1890 qui
1562 1822 1638 1874 sic
1683 1825 1845 1874 natus

169 1895 350 1964 fuerit,
391 1895 647 1948 maximas
678 1913 764 1948 res
798 1898 1203 1964 potestatesque
1244 1895 1526 1960 committi,
1567 1896 1658 1948 sed
1695 1895 1846 1964 ipsos

170 1968 492 2022 biothanata
531 1972 704 2022 morte
743 1969 908 2022 faciet
945 1969 1182 2022 interire.
1245 1967 1304 2022 Si
1335 1988 1460 2022 vero
1499 1987 1596 2037 per
1630 1972 1845 2022 noctem

170 2043 229 2095 in
258 2043 362 2096 ho‘c
394 2043 514 2096 loco
545 2043 819 2112 partiliter
840 2043 1076 2111 (fuerit)
1101 2043 1445 2111 constitutus,
1476 2042 1639 2096 faciet
1671 2043 1845 2095 multa
1868 2063 1910 2095 25

169 2117 382 2185 perpeti
421 2117 585 2182 mala,
632 2118 941 2170 laborantes
989 2120 1043 2169 et
1082 2116 1351 2182 cotidiano
1392 2135 1566 2185 opere,
1590 2116 1847 2169 alimenta

173 2194 487 2258 quaerentes
532 2195 588 2243 et
627 2191 785 2243 malis
826 2209 1038 2260 semper
1075 2209 1137 2244 ac
1177 2191 1405 2244 sordidis
1447 2191 1655 2243 actibus
1696 2208 1845 2243 occu-

171 2267 353 2332 pat0s3
409 2268 566 2330 erunt
614 2264 756 2317 enim
803 2267 948 2317 artes
996 2268 1090 2317 aut
1139 2264 1382 2317 sordidae
1430 2267 1525 2316 aut
1572 2263 1847 2333 squalidae

173 2341 268 2389 aut
307 2338 459 2408 gravi
499 2339 659 2390 odore
706 2342 760 2391 et
809 2339 1003 2407 quibus
1043 2338 1254 2392 artibus
1300 2337 1517 2408 vigiliae
1557 2340 1845 2406 perpetuae

173 2411 240 2462 ab
297 2411 644 2480 operantibus
707 2411 1015 2482 exigantur,
1077 2413 1262 2480 quales
1326 2414 1451 2464 sunt
1513 2411 1845 2464 confectores
1870 2431 1914 2462 30
1998 2465 2001 2471 ⁴

174 2484 445 2538 coriorum
483 2484 715 2538 fullones
755 2486 950 2538 lanarii
986 2484 1220 2555 pistores
1269 2485 1429 2553 coqui
1475 2488 1530 2537 et
1574 2485 1659 2537 his
1703 2483 1847 2536 simi-

173 2558 275 2628 les3
315 2559 462 2628 ipsos
500 2562 683 2611 tamen
721 2558 885 2612 faciet
924 2559 1283 2613 stomachicos
1325 2561 1418 2611 aut
1455 2558 1630 2627 prima
1670 2560 1846 2610 aetate

173 2632 415 2685 vitiosos„

323 2767 349 2806 8
373 2761 616 2818 perficiant
640 2765 677 2804 A
774 2767 799 2804 9
825 2762 1005 2806 ratione
1030 2761 1167 2820 QaA']
1191 2759 1451 2804 radiatione
1537 2764 1591 2802 16
1622 2761 1768 2815 suppl.
1795 2759 1844 2802 A'

178 2826 231 2863 18
263 2820 491 2877 praeserti
520 2826 558 2863 B.
678 2825 731 2863 21
764 2820 997 2876 partiliter
1029 2820 1142 2879 QA']
1173 2819 1348 2876 pariter
1382 2822 1504 2875 (ante
1535 2833 1640 2861 cum
1671 2818 1766 2862 sole
1796 2821 1847 2875 P)

177 2884 232 2921 25
265 2880 370 2923 add.
395 2878 444 2922 A'
567 2883 622 2923 26
654 2878 920 2922 loborantes
944 2884 981 2921 B
1009 2883 1014 2933 Ι
1043 2878 1283 2936 alimenta]
1314 2877 1490 2921 uictum
1513 2882 1550 2919 V
1635 2882 1688 2921 27
1715 2891 1848 2921 occu-

175 2939 312 2993 putos
338 2940 405 2994 (os
429 2953 484 2983 ex
508 2951 555 2982 68
579 2941 670 2995 uv.)
686 2942 731 2980 M
821 2942 873 2980 31
900 2937 1114 2994 pictores,
1139 2951 1250 2982 corr.
1269 2936 1375 2982 Sim
1463 2941 1518 2979 32
1545 2936 1847 2979 sthomaticos
