2014 3202
835 114 856 157 I
880 118 922 169 3,
947 117 1071 169 a-4,
1096 127 1130 158 3.
1761 114 1826 165 11

148 235 448 289 sententiae
473 232 793 287 examinatis
818 234 1059 303 partium
1090 233 1508 303 allegationibus
1539 234 1828 303 profertur.

147 309 325 379 Unde,
365 309 412 362 si
449 309 716 378 inpugnat
753 307 824 376 is,
874 307 966 376 qui
1006 326 1037 359 a
1075 307 1495 376 prudentissimo
1536 309 1828 363 mathema·
1847 309 1878 360 8

146 384 257 437 tico
296 387 353 436 et
392 382 597 436 audivit
636 380 839 450 aliquid
886 385 942 433 et
989 382 1216 434 credidit
1255 385 1311 434 et
1347 382 1623 451 probavit,
1675 383 1828 436 mali-

146 457 291 511 tioso
325 455 520 510 mentis
552 455 815 508 instinctu
849 459 903 508 et
933 454 1167 525 pugnaci
1200 454 1378 509 studio
1410 456 1677 508 notabilia
1707 475 1827 511 con-

28 534 30 537 ’
99 552 122 584 5
146 529 464 584 tradicentis
502 533 633 582 vota
671 528 937 598 concepit3
991 530 1037 581 si
1076 548 1201 583 vero
1242 529 1604 599 interroganti
1643 531 1692 582 ei
1732 532 1829 583 im-

145 606 351 673 peritus
398 603 676 672 professor
719 603 859 655 falsa
907 604 1208 672 respondit,
1253 621 1364 656 non
1403 603 1688 672 mathesiS,
1735 606 1827 657 sed

144 677 378 731 hominis
425 677 593 730 fallax
648 695 709 730 ac
764 678 1054 730 temeraria
1104 680 1324 729 notetur
1372 676 1678 747 inscientia3
1732 681 1827 747 qui

144 770 271 804 vero
309 770 407 805 nec
447 752 631 805 audire
670 750 843 804 voluit
881 769 979 804 nec
1017 750 1281 820 iudicare,
1319 750 1523 804 frustra
1562 752 1667 804 sibi
1705 771 1826 821 pro-

142 826 427 879 nuntiandi
465 825 705 879 vindicat
742 828 941 894 partes,
981 824 1108 893 quia
1146 826 1260 878 eius
1296 826 1390 895 rei,
1429 825 1581 879 cuius
1620 826 1825 894 experi-

72 925 119 956 1o
143 904 385 952 mentum
424 917 612 968 capere
650 899 841 968 noluit,
878 917 989 952 non
1027 902 1108 951 est
1146 899 1388 968 idoneuS,
1425 902 1487 951 ut
1526 900 1702 968 possit
1732 918 1826 954 no—

142 978 261 1027 tare
301 973 679 1027 substantiam.

934 1104 1030 1158 IV.

291 1195 446 1258 Quod
493 1213 620 1248 vero
666 1212 766 1247 nos
811 1194 870 1247 in
916 1194 1023 1247 isto
1071 1193 1250 1247 studio
1308 1194 1527 1263 quidam
1574 1196 1871 1265 opposital

143 1269 399 1322 scientiae
440 1268 554 1321 eius
594 1268 915 1321 difficultate
948 1269 1235 1336 deterrent,
1274 1268 1509 1321 libenter
1546 1270 1824 1338 amplecti-

78 1367 119 1398 15
143 1361 277 1395 mur.
354 1342 493 1395 Vere
534 1342 677 1395 enim
724 1345 851 1394 sunt
897 1360 982 1394 res
1031 1342 1226 1394 arduae
1278 1345 1442 1410 atque
1481 1343 1729 1396 difficiles
1770 1347 1824 1396 et

0 1415 1 1419 ’
143 1434 276 1485 quas
307 1435 419 1469 non
451 1415 608 1468 facile
639 1416 815 1485 possit
847 1415 1057 1467 animus
1088 1415 1317 1467 terrenis
1351 1414 1591 1468 sordium
1614 1417 1821 1485 laqueis

140 1490 456 1559 impeditus,
502 1490 632 1542 licet
684 1489 801 1558 ipse
846 1489 1009 1558 ignea
1056 1488 1129 1541 sit
1177 1488 1477 1542 divinitatis
1523 1490 1823 1544 inmortali-

141 1566 255 1616 tate
301 1563 590 1630 formatus,
642 1562 793 1615 facili
846 1562 1215 1631 inquisitionis
1269 1563 1479 1616 ratione
1532 1566 1821 1633 percipere.

140 1636 413 1690 Divinitas
438 1637 583 1690 enim
607 1636 737 1704 eiuS,
769 1654 905 1705 quae
930 1637 1257 1705 sempiterna
1289 1636 1589 1707 agitatione
1616 1642 1824 1692 susten-
1841 1641 1873 1691 2

73 1736 117 1767 20
140 1714 312 1779 tatur,
361 1712 408 1764 si
453 1712 510 1763 in
547 1714 762 1763 terreno
804 1729 1027 1779 corpore
1073 1710 1238 1763 fuerit
1276 1710 1507 1779 inclusa,
1555 1712 1819 1766 iacturam

140 1785 410 1855 quandam
441 1784 744 1838 divinitatis
777 1802 904 1837 suae
934 1783 1145 1853 patitur
1175 1785 1547 1854 temporalem,
1587 1805 1710 1840 cum
1740 1789 1820 1841 vis

141 1859 255 1912 eius
303 1862 465 1928 atque
512 1858 822 1911 substantia
875 1857 1251 1911 coniunctione
1306 1862 1361 1912 et
1412 1860 1672 1913 societate
1718 1864 1821 1915 ter·
1869 1882 1876 1891 ·

140 1933 256 1985 reni
286 1932 528 2000 corporis
561 1937 616 1984 et
647 1932 865 1984 assidua
889 1932 1244 1985 dissolutione
1276 1934 1630 1986 mortalitatis
1663 1935 1822 1988 hebe-

140 2010 304 2059 tatur.
379 2005 534 2060 Unde
579 2007 645 2058 fit
689 2009 751 2058 ut
798 2005 999 2074 omnia,
1048 2023 1183 2074 quae
1232 2007 1297 2059 ad
1342 2006 1820 2077 investigationem

72 2103 117 2136 25
141 2080 442 2133 divinarum
497 2080 698 2133 artium
758 2049 1056 2149 pertinent,
1117 2079 1322 2132 difficili
1387 2098 1600 2148 semper
1659 2082 1818 2135 nobis

140 2154 447 2225 cognitione
494 2153 792 2206 tradantur.
870 2152 1232 2222 Quapropter,
1283 2152 1410 2222 quia
1446 2172 1547 2207 nos
1586 2155 1870 2210 libenter-3

139 2246 201 2281 ac
238 2227 395 2281 facile
434 2227 492 2280 in
536 2228 645 2280 ista
690 2231 844 2296 parte
892 2227 1262 2280 consensimus
1309 2228 1677 2298 ostendenteS,
1724 2248 1819 2283 cur

139 2301 350 2355 divinae
388 2319 474 2354 res
514 2301 724 2354 difficili
762 2300 1113 2370 inquisitione
1153 2305 1456 2370 cernantur,
1495 2303 1819 2358 confiteatur

20 2437 27 2451 .
140 2375 306 2428 etiam
343 2375 459 2444 ipse
496 2393 714 2428 necesse
754 2380 861 2441 est,
909 2374 1050 2443 quod
1089 2374 1325 2445 animus,
1371 2376 1464 2444 qui
1510 2375 1815 2431 inmortalis

72 2472 116 2502 30
139 2452 246 2518 est,
285 2449 331 2502 si
371 2467 403 2502 a
448 2448 596 2502 vitiis
637 2467 699 2502 ac
745 2448 1060 2501 libidinibus
1106 2449 1308 2502 terreni
1361 2451 1603 2519 corporis
1650 2451 1816 2504 fuerit

140 2526 419 2606 separatus
460 2541 522 2576 ac
562 2541 688 2575 suae
721 2522 947 2590 originis
980 2524 1034 2574 et
1066 2522 1285 2575 seminis
1319 2524 1704 2577 conscientiam
1734 2543 1815 2578 re-

137 2595 315 2650 tinens
362 2596 475 2650 vim
521 2614 647 2649 suae
695 2595 994 2649 maiestatis
1050 2597 1353 2667 agnoverit,
1420 2598 1624 2667 omnia,
1679 2616 1815 2667 quae

288 2731 310 2769 1
337 2725 753 2783 alligationibusn
780 2726 785 2784 Ι
812 2724 1123 2799 proferuntur,
1145 2740 1257 2771 corr.
1285 2742 1340 2772 κο·
1431 2733 1456 2770 2
1480 2727 1542 2770 1111
1577 2730 1726 2793 ugnat
1748 2729 1811 2788 ΠΙ

139 2784 220 2841 qui
251 2785 298 2843 a]
331 2784 442 2840 quia
472 2790 505 2827 P
632 2790 661 2829 4
691 2783 1043 2829 contradicendi
1072 2784 1123 2829 A‘
1255 2791 1308 2830 17
1340 2786 1528 2829 immort
1578 2786 1694 2830 itate
1724 2792 1815 2830 MV

139 2848 195 2887 22
228 2843 519 2888 conjuctione
549 2848 587 2887 V
708 2849 763 2886 29
795 2842 1072 2888 immortalis
1102 2849 1192 2887 HV
1314 2850 1367 2888 31
1402 2845 1735 2889 conscientiam
1765 2847 1815 2906 κ]

139 2901 452 2947 constantiam
481 2904 539 2958 cf.
573 2903 699 2947 Plin.
724 2903 789 2947 II
814 2905 873 2947 95
904 2902 1068 2948 Achizl.
1094 2901 1209 2949 12412
