2014 3202
858 128 880 171 Ι
903 133 944 183 4,
970 141 1107 173 3—11.
1228 193 1233 196 ¹
1745 129 1811 182 13

132 255 321 304 rantur
360 254 435 315 et,
474 249 601 303 licet
647 250 756 301 sint
795 248 1131 302 incitatiores
1170 250 1332 303 huius
1372 250 1563 303 sideris
1604 269 1808 319 cursuS,

134 326 319 378 eadem
337 328 520 377 tamen
536 323 702 375 etiam
714 322 818 392 ipsi
837 322 1046 376 ratione
1065 327 1369 376 cernuntur.
1403 323 1629 377 Veneris
1648 325 1812 377 etiam
1832 325 1862 376 8

134 402 189 451 et
227 398 486 452 Mercurii
523 397 795 450 cotidiana
832 396 991 449 nobis
1032 397 1290 466 obsequia
1322 401 1625 450 monstrata
1665 403 1815 465 sunt3

136 473 237 526 hae
293 473 436 525 enim
490 471 678 524 stellae
725 471 877 523 brevi
923 471 1207 524 interiecto
1257 471 1447 540 spatio*
1481 472 1623 525 circa
1672 471 1813 525 Solis

18 599 20 601 ,
83 567 108 598 5
135 547 321 599 orbem
379 547 601 598 currunt
658 543 860 613 pariter
919 547 1013 597 aut
1060 548 1317 597 secuntur
1375 548 1470 598 aut
1523 564 1630 598 una
1694 546 1815 598 sub-

135 638 361 689 sequens
395 619 556 672 stella
587 617 745 671 alteri
775 618 1066 686 praeeundi
1100 619 1345 672 concedit
1378 619 1650 688 obsequia.
1700 617 1815 673 Sci-

134 712 269 762 mUS,
309 693 522 762 quando
561 692 886 761 vespertin0‚
928 693 1140 760 quando
1181 693 1453 745 matutino
1495 697 1619 746 ortu
1657 693 1815 746 nobis

135 770 447 836 appareant,
477 766 689 835 quando
717 764 1012 819 Solisvorbe
1039 767 1330 820 absconsae
1354 767 1576 831 lateant,
1602 768 1814 837 quando

135 859 201 893 ex
231 841 368 893 radii
394 843 508 893 eius
534 840 818 909 splendore
850 840 1112 893 liberatae
1136 840 1314 893 lucido
1348 841 1431 893 sui
1461 841 1639 894 nitore
1667 859 1817 910 prae-

0 915 1 927 *
69 936 112 967 ιο
136 914 398 986 fulgeant.
461 913 600 977 Quid
640 914 703 966 de
743 913 926 966 Lunae
964 915 1119 968 vobis
1161 933 1320 968 cursu
1358 915 1607 967 videtur?
1655 915 1867 984 quam9

15 998 30 1008 ’
136 989 380 1057 dicimuS,
415 988 627 1056 quando
654 986 1042 1057 supplementis
1073 988 1426 1041 sollemnibus
1460 989 1637 1041 attriti
1670 989 1816 1042 orbis

135 1062 342 1115 nutriat
382 1062 590 1130 damna,
631 1062 842 1130 quando
882 1066 1178 1131 pauperata
1215 1062 1512 1115 luminibus
1550 1063 1817 1116 iacturam

136 1137 388 1204 propriae
428 1136 732 1188 maiestatis
773 1140 1052 1205 agnoscat.
1110 1135 1260 1189 Haec
1300 1137 1442 1189 enim
1482 1155 1604 1189 cum
1642 1137 1818 1190 vicina

138 1208 252 1262 Soli
294 1209 406 1262 sive
440 1227 682 1262 crescens
723 1209 835 1261 sive
868 1209 1120 1262 deficiens
1158 1209 1339 1278 fuerit,
1378 1210 1557 1262 radios
1596 1210 1817 1263 luminis

71 1303 114 1336 15
140 1283 223 1336 sui
263 1283 418 1352 quasi
451 1281 632 1336 Solem
666 1286 923 1336 venerata
961 1283 1254 1352 submittit,
1285 1288 1347 1336 ut
1386 1283 1637 1337 fraternis
1677 1284 1819 1354 igni-

138 1357 240 1409 bus
287 1375 474 1410 rursus
522 1361 736 1425 ornata,
784 1375 907 1409 cum
952 1357 1226 1427 longiores
1274 1375 1461 1410 cursus
1510 1357 1593 1410 sui
1631 1357 1819 1411 fecerit

139 1434 333 1499 metas,
383 1434 573 1483 renata
617 1430 812 1499 fulgidi
859 1430 1158 1499 splendoris
1200 1449 1261 1483 ac
1301 1435 1558 1483 renovata
1595 1431 1816 1484 luminis

140 1507 456 1557 ornamenta
495 1503 853 1556 circumferat.
912 1503 1054 1557 Ecce
1087 1505 1234 1557 aliud
1263 1505 1436 1557 maius
1476 1504 1816 1573 addiscimUS,
1837 1505 1905 1558 10

139 1578 282 1646 quod
336 1596 459 1631 cum
513 1577 768 1630 acciderit
822 1577 1107 1646 imperitos
1168 1578 1415 1632 homines
1470 1582 1818 1632 monstruosa

70 1675 114 1707 20
137 1668 348 1720 semper
386 1651 680 1704 timiditate
712 1651 1012 1720 perturbat,
1052 1670 1173 1704 cum
1205 1651 1298 1705 Sol
1338 1653 1513 1705 medio
1546 1652 1651 1706 diei
1683 1657 1817 1705 tem-

135 1743 265 1793 pore
305 1725 487 1778 Lunae
531 1725 697 1778 radiis
744 1724 900 1794 quasi
940 1726 1262 1795 quibusdam
1313 1726 1609 1779 obstaculis
1655 1726 1818 1796 impe-

135 1799 283 1851 ditus
316 1799 523 1852 cunctis
556 1799 877 1852 mortalibus
909 1798 1118 1870 fulgida
1143 1800 1444 1869 splendoris
1478 1800 1561 1852 sui
1586 1802 1818 1871 denegat

135 1873 343 1926 lumina
391 1872 569 1943 (quod-
599 1872 788 1942 Optati
828 1876 883 1925 et
930 1873 1144 1926 Paulini
1192 1874 1499 1942 consulatu,
1537 1877 1599 1926 ut
1638 1874 1702 1928 de
1741 1893 1819 1927 re-

138 1947 466 2007 centioribus
499 1947 706 2018 loquar,
745 1947 953 2000 cunctis
985 1947 1296 2000 hominibus
1327 1947 1574 2000 futurum
1615 1947 1818 2000 mathe-

71 2042 115 2076 25
139 2020 460 2073 maticorum
511 2038 678 2091 sagax
722 2020 992 2090 praedixit
1037 2019 1318 2093 intentio),
1377 2022 1588 2090 quando
1630 2039 1816 2074 rursus

16 2095 19 2098 ⁴
138 2093 292 2146 Luna
314 2097 650 2147 terrenarum
674 2094 1022 2147 altitudinum
1055 2094 1376 2147 adumbrata
1403 2095 1717 2164 regionibus
1750 2095 1818 2147 si·

139 2168 255 2220 mili
280 2168 487 2221 ratione
512 2169 741 2236 deficiat,
767 2169 910 2237 quod
934 2168 1245 2237 frequenter
1267 2168 1382 2220 fieri
1408 2167 1616 2221 lucidae
1638 2169 1816 2222 noctis

141 2243 430 2294 serenitate
470 2242 813 2311 pervidimus

33 2358 37 2363 .
286 2315 436 2368 Haec
482 2316 663 2368 omnia
708 2315 1219 2368 mathematicorum
1265 2315 1487 2385 collegit
1536 2315 1814 2386 ingenium
1837 2316 1899 2369 11

12 2401 37 2433 r·
73 2411 118 2443 so
141 2391 195 2441 et
234 2388 637 2458 computatione
686 2390 893 2443 sollerti
939 2389 1150 2441 divinae
1196 2389 1568 2458 dispositionis
1610 2394 1816 2443 secreta

140 2462 440 2533 perdidicit,
484 2462 698 2516 Vellem
729 2463 912 2532 itaque
939 2463 1070 2514 mihi
1094 2466 1170 2532 tu,
1202 2463 1524 2533 quicumque
1557 2481 1628 2532 eS,
1661 2482 1818 2532 quae-

12 2209 29 2269 ⁸4

291 2612 313 2651 1
355 2606 534 2663 syderis
572 2612 657 2650 MP
835 2614 862 2651 4
902 2607 989 2667 hee
1020 2612 1053 2650 P
1097 2608 1185 2668 hee
1219 2612 1254 2656 Q
1294 2609 1302 2674 l
1343 2609 1400 2663 cf.
1432 2609 1651 2661 Hultsch,
1689 2608 1819 2652 Neue

140 2666 300 2710 Jahrb.
318 2670 423 2720 153,
440 2670 530 2711 309
620 2672 645 2710 5
679 2669 934 2723 sequuntur
955 2670 1044 2715 HQ.
1133 2672 1158 2711 9
1183 2666 1344 2722 radiis,
1366 2682 1479 2711 corr.
1497 2665 1546 2709 A'
1650 2670 1702 2709 11
1729 2666 1819 2710 sol-

142 2724 405 2781 lempnibus
435 2730 468 2767 P
500 2725 815 2783 solempnibus
849 2730 928 2774 QV
1029 2730 1082 2768 12
1113 2725 1303 2770 nuntiat
1332 2730 1411 2774 PQ,
1436 2729 1442 2782 Ι
1470 2726 1673 2781 dampna
1695 2730 1819 2774 PQv

146 2803 200 2841 17
231 2807 386 2854 ‘nempe
414 2799 624 2843 renovati
743 2804 799 2843 20
830 2791 1037 2856 'tempore
1075 2791 1170 2843 diei
1199 2805 1233 2842 P
1376 2804 1430 2842 21
1463 2798 1714 2855 impeditus
1746 2798 1818 2857 A‘]

143 2856 353 2913 perditus
445 2862 501 2901 23
517 2859 610 2913 fuit
625 2874 667 2902 a.
686 2859 728 2902 d.
749 2859 886 2902 XVI.
905 2859 993 2902 kal.
1012 2858 1133 2917 Auy.
1151 2874 1193 2902 a.
1212 2862 1300 2902 334
1392 2863 1447 2901 26
1464 2857 1774 2901 erectionibus
1792 2876 1819 2902 κ

0 2927 3 2977 ξ,
124 2910 202 2959 ⁴29
234 2915 425 2973 collegit
455 2915 526 2975 A']
559 2917 742 2974 colligit
814 2958 824 2965 „
868 2922 925 2961 30
957 2916 1275 2974 dispositionis
1307 2918 1355 2975 κ]
1388 2916 1719 2973 disputationis
