<?xml version="1.0" encoding="UTF-8"?>
<!DOCTYPE html PUBLIC "-//W3C//DTD XHTML 1.0 Transitional//EN"
    "http://www.w3.org/TR/xhtml1/DTD/xhtml1-transitional.dtd">
<html xmlns="http://www.w3.org/1999/xhtml" xml:lang="en" lang="en">
 <head>
  <title>
</title>
<meta http-equiv="Content-Type" content="text/html;charset=utf-8" />
  <meta name='ocr-system' content='tesseract 3.04.00' />
  <meta name='ocr-capabilities' content='ocr_page ocr_carea ocr_par ocr_line ocrx_word'/>
</head>
<body>
  <div class='ocr_page' id='page_1' title='image "./matheseoslibrivi01firmuoft_0283.png"; bbox 0 0 2014 3202; ppageno 0'>
   <div class='ocr_carea' id='block_1_1' title="bbox 96 587 116 620">
    <p class='ocr_par' dir='ltr' id='par_1_1' title="bbox 96 587 116 620">
     <span class='ocr_line' id='line_1_1' title="bbox 96 587 116 620; baseline 0 0"><span class='ocrx_word' id='word_1_1' title='bbox 96 587 116 620; x_wconf 92' lang='lat'><strong>5</strong></span> 
     </span>
    </p>
   </div>
   <div class='ocr_carea' id='block_1_2' title="bbox 65 998 109 1033">
    <p class='ocr_par' dir='ltr' id='par_1_2' title="bbox 65 998 109 1033">
     <span class='ocr_line' id='line_1_2' title="bbox 65 998 109 1033; baseline -0.023 0"><span class='ocrx_word' id='word_1_2' title='bbox 65 998 109 1033; x_wconf 82' lang='lat'>10</span> 
     </span>
    </p>
   </div>
   <div class='ocr_carea' id='block_1_3' title="bbox 65 1366 106 1399">
    <p class='ocr_par' dir='ltr' id='par_1_3' title="bbox 65 1366 106 1399">
     <span class='ocr_line' id='line_1_3' title="bbox 65 1366 106 1399; baseline 0 0"><span class='ocrx_word' id='word_1_3' title='bbox 65 1366 106 1399; x_wconf 86' lang='lat'>15</span> 
     </span>
    </p>
   </div>
   <div class='ocr_carea' id='block_1_4' title="bbox 60 1778 105 1809">
    <p class='ocr_par' dir='ltr' id='par_1_4' title="bbox 60 1778 105 1809">
     <span class='ocr_line' id='line_1_4' title="bbox 60 1778 105 1809; baseline 0 0"><span class='ocrx_word' id='word_1_4' title='bbox 60 1778 105 1809; x_wconf 74' lang='lat'>20</span> 
     </span>
    </p>
   </div>
   <div class='ocr_carea' id='block_1_5' title="bbox 63 2144 106 2175">
    <p class='ocr_par' dir='ltr' id='par_1_5' title="bbox 63 2144 106 2175">
     <span class='ocr_line' id='line_1_5' title="bbox 63 2144 106 2175; baseline 0 0"><span class='ocrx_word' id='word_1_5' title='bbox 63 2144 106 2175; x_wconf 82' lang='lat'>25</span> 
     </span>
    </p>
   </div>
   <div class='ocr_carea' id='block_1_6' title="bbox 811 102 1816 204">
    <p class='ocr_par' dir='ltr' id='par_1_6' title="bbox 811 102 1816 204">
     <span class='ocr_line' id='line_1_6' title="bbox 811 102 1816 204; baseline 0.008 -14"><span class='ocrx_word' id='word_1_6' title='bbox 811 102 874 191; x_wconf 76' lang='lat' dir='ltr'>IV</span> <span class='ocrx_word' id='word_1_7' title='bbox 899 151 969 204; x_wconf 84' lang='grc'>22,</span> <span class='ocrx_word' id='word_1_8' title='bbox 993 159 1130 191; x_wconf 79' lang='lat'>4—10.</span> <span class='ocrx_word' id='word_1_9' title='bbox 1710 145 1816 198; x_wconf 79' lang='grc'>267</span> 
     </span>
    </p>
   </div>
   <div class='ocr_carea' id='block_1_7' title="bbox 138 267 1773 706">
    <p class='ocr_par' dir='ltr' id='par_1_7' title="bbox 138 267 1773 706">
     <span class='ocr_line' id='line_1_7' title="bbox 196 267 1664 338; baseline -0.003 -14"><span class='ocrx_word' id='word_1_10' title='bbox 196 269 224 323; x_wconf 93' lang='grc' dir='ltr'>Ι</span> <span class='ocrx_word' id='word_1_11' title='bbox 373 271 523 324; x_wconf 82' lang='lat' dir='ltr'>loeus</span> <span class='ocrx_word' id='word_1_12' title='bbox 758 270 940 338; x_wconf 73' lang='lat' dir='ltr'>partes</span> <span class='ocrx_word' id='word_1_13' title='bbox 1202 267 1286 320; x_wconf 92' lang='lat' dir='ltr'>III</span> <span class='ocrx_word' id='word_1_14' title='bbox 1466 286 1664 321; x_wconf 78' lang='lat' dir='ltr'>vacuus</span> 
     </span>
     <span class='ocr_line' id='line_1_8' title="bbox 167 340 1699 411; baseline -0.001 -14"><span class='ocrx_word' id='word_1_15' title='bbox 167 343 224 397; x_wconf 90' lang='lat' dir='ltr'>H</span> <span class='ocrx_word' id='word_1_16' title='bbox 357 397 360 400; x_wconf 11' lang='grc' dir='ltr'><em>Δ</em></span> <span class='ocrx_word' id='word_1_17' title='bbox 372 344 521 398; x_wconf 83' lang='lat' dir='ltr'>locus</span> <span class='ocrx_word' id='word_1_18' title='bbox 756 344 940 411; x_wconf 69' lang='lat' dir='ltr'>parbes</span> <span class='ocrx_word' id='word_1_19' title='bbox 1234 340 1287 394; x_wconf 92' lang='lat' dir='ltr'><strong>V</strong></span> <span class='ocrx_word' id='word_1_20' title='bbox 1468 340 1699 395; x_wconf 69' lang='lat' dir='ltr'>Senaizor</span> 
     </span>
     <span class='ocr_line' id='line_1_9' title="bbox 140 414 1665 485; baseline -0.001 -15"><span class='ocrx_word' id='word_1_21' title='bbox 140 417 223 470; x_wconf 93' lang='grc' dir='ltr'>ΠΙ</span> <span class='ocrx_word' id='word_1_22' title='bbox 370 418 520 471; x_wconf 83' lang='lat' dir='ltr'>locus</span> <span class='ocrx_word' id='word_1_23' title='bbox 756 418 940 485; x_wconf 72' lang='lat' dir='ltr'>partes</span> <span class='ocrx_word' id='word_1_24' title='bbox 1207 414 1286 467; x_wconf 93' lang='lat' dir='ltr'>IX</span> <span class='ocrx_word' id='word_1_25' title='bbox 1465 433 1665 468; x_wconf 84' lang='lat' dir='ltr'>vacuus</span> 
     </span>
     <span class='ocr_line' id='line_1_10' title="bbox 138 488 1737 558; baseline -0.002 -15"><span class='ocrx_word' id='word_1_26' title='bbox 138 489 220 543; x_wconf 94' lang='lat' dir='ltr'>IV</span> <span class='ocrx_word' id='word_1_27' title='bbox 369 491 519 544; x_wconf 85' lang='lat' dir='ltr'>locus</span> <span class='ocrx_word' id='word_1_28' title='bbox 620 512 623 517; x_wconf 63' lang='lat'><em>-</em></span> <span class='ocrx_word' id='word_1_29' title='bbox 755 492 938 558; x_wconf 53' lang='lat' dir='ltr'>parles</span> <span class='ocrx_word' id='word_1_30' title='bbox 1204 488 1284 541; x_wconf 93' lang='lat' dir='ltr'>IV</span> <span class='ocrx_word' id='word_1_31' title='bbox 1467 488 1737 543; x_wconf 84' lang='lat' dir='ltr'>Senaeher</span> 
     </span>
     <span class='ocr_line' id='line_1_11' title="bbox 166 562 1663 632; baseline 0 -16"><span class='ocrx_word' id='word_1_32' title='bbox 166 563 219 616; x_wconf 93' lang='lat' dir='ltr'><strong>V</strong></span> <span class='ocrx_word' id='word_1_33' title='bbox 368 564 516 617; x_wconf 85' lang='lat' dir='ltr'>loeus</span> <span class='ocrx_word' id='word_1_34' title='bbox 754 566 938 632; x_wconf 74' lang='lat' dir='ltr'>partes</span> <span class='ocrx_word' id='word_1_35' title='bbox 1232 562 1285 614; x_wconf 91' lang='lat' dir='ltr'><strong>V</strong></span> <span class='ocrx_word' id='word_1_36' title='bbox 1463 581 1663 616; x_wconf 83' lang='lat' dir='ltr'>vacuus</span> 
     </span>
     <span class='ocr_line' id='line_1_12' title="bbox 141 635 1773 706; baseline -0.001 -16"><span class='ocrx_word' id='word_1_37' title='bbox 141 636 219 690; x_wconf 92' lang='lat' dir='ltr'>VI</span> <span class='ocrx_word' id='word_1_38' title='bbox 366 637 515 690; x_wconf 83' lang='lat' dir='ltr'>loeus</span> <span class='ocrx_word' id='word_1_39' title='bbox 753 639 938 706; x_wconf 74' lang='lat' dir='ltr'>partes</span> <span class='ocrx_word' id='word_1_40' title='bbox 1200 635 1280 689; x_wconf 90' lang='lat' dir='ltr'>IV</span> <span class='ocrx_word' id='word_1_41' title='bbox 1467 635 1773 690; x_wconf 75' lang='lat' dir='ltr'>Sentacher.</span> 
     </span>
    </p>
   </div>
   <div class='ocr_carea' id='block_1_8' title="bbox 134 719 1900 958">
    <p class='ocr_par' dir='ltr' id='par_1_8' title="bbox 134 719 1900 958">
     <span class='ocr_line' id='line_1_13' title="bbox 257 719 1900 810; baseline -0.002 -18"><span class='ocrx_word' id='word_1_42' title='bbox 257 719 346 792; x_wconf 67' lang='lat' dir='ltr'>&#39;IL</span> <span class='ocrx_word' id='word_1_43' title='bbox 395 740 602 794; x_wconf 88' lang='lat' dir='ltr'><strong>Tauri.</strong></span> <span class='ocrx_word' id='word_1_44' title='bbox 694 740 760 793; x_wconf 95' lang='lat' dir='ltr'>In</span> <span class='ocrx_word' id='word_1_45' title='bbox 813 740 976 793; x_wconf 82' lang='lat' dir='ltr'>Tauri</span> <span class='ocrx_word' id='word_1_46' title='bbox 1032 739 1188 810; x_wconf 84' lang='lat' dir='ltr'>signo</span> <span class='ocrx_word' id='word_1_47' title='bbox 1261 757 1396 809; x_wconf 86' lang='lat' dir='ltr'>quae</span> <span class='ocrx_word' id='word_1_48' title='bbox 1460 740 1571 796; x_wconf 72' lang='lat' dir='ltr'>sint</span> <span class='ocrx_word' id='word_1_49' title='bbox 1631 742 1812 809; x_wconf 77' lang='lat' dir='ltr'>partes</span> <span class='ocrx_word' id='word_1_50' title='bbox 1868 735 1900 788; x_wconf 88' lang='grc'><strong>9</strong></span> 
     </span>
     <span class='ocr_line' id='line_1_14' title="bbox 134 811 1815 883; baseline -0.001 -17"><span class='ocrx_word' id='word_1_51' title='bbox 134 814 338 883; x_wconf 83' lang='lat' dir='ltr'>plenae,</span> <span class='ocrx_word' id='word_1_52' title='bbox 377 833 511 883; x_wconf 92' lang='lat' dir='ltr'>quae</span> <span class='ocrx_word' id='word_1_53' title='bbox 544 833 759 882; x_wconf 85' lang='lat' dir='ltr'>vacuae,</span> <span class='ocrx_word' id='word_1_54' title='bbox 789 813 893 867; x_wconf 84' lang='lat' dir='ltr'>hoc</span> <span class='ocrx_word' id='word_1_55' title='bbox 926 813 1328 866; x_wconf 65' lang='lat' dir='ltr'>demonstrassur</span> <span class='ocrx_word' id='word_1_56' title='bbox 1360 813 1616 883; x_wconf 86' lang='lat' dir='ltr'>exemplo.</span> <span class='ocrx_word' id='word_1_57' title='bbox 1675 811 1815 866; x_wconf 79' lang='lat' dir='ltr'>Sunt</span> 
     </span>
     <span class='ocr_line' id='line_1_15' title="bbox 135 885 1814 958; baseline 0 -19"><span class='ocrx_word' id='word_1_58' title='bbox 135 891 315 940; x_wconf 74' lang='lat' dir='ltr'>autem</span> <span class='ocrx_word' id='word_1_59' title='bbox 354 887 412 941; x_wconf 92' lang='lat' dir='ltr'>in</span> <span class='ocrx_word' id='word_1_60' title='bbox 444 888 627 941; x_wconf 84' lang='lat' dir='ltr'>Tauro</span> <span class='ocrx_word' id='word_1_61' title='bbox 666 889 856 958; x_wconf 85' lang='lat' dir='ltr'>plenae</span> <span class='ocrx_word' id='word_1_62' title='bbox 895 890 1077 956; x_wconf 73' lang='lat' dir='ltr'>partes</span> <span class='ocrx_word' id='word_1_63' title='bbox 1116 886 1241 957; x_wconf 86' lang='lat' dir='ltr'>XX,</span> <span class='ocrx_word' id='word_1_64' title='bbox 1288 906 1494 940; x_wconf 85' lang='lat' dir='ltr'>vacuae·</span> <span class='ocrx_word' id='word_1_65' title='bbox 1526 889 1709 956; x_wconf 76' lang='lat' dir='ltr'>partes</span> <span class='ocrx_word' id='word_1_66' title='bbox 1748 885 1814 940; x_wconf 92' lang='lat' dir='ltr'>X.</span> 
     </span>
    </p>
   </div>
   <div class='ocr_carea' id='block_1_9' title="bbox 131 975 1752 1413">
    <p class='ocr_par' dir='ltr' id='par_1_9' title="bbox 131 975 1752 1413">
     <span class='ocr_line' id='line_1_16' title="bbox 188 975 1660 1046; baseline -0.001 -17"><span class='ocrx_word' id='word_1_67' title='bbox 188 975 216 1028; x_wconf 93' lang='lat' dir='ltr'><strong>I</strong></span> <span class='ocrx_word' id='word_1_68' title='bbox 365 976 515 1029; x_wconf 84' lang='lat' dir='ltr'>loeus</span> <span class='ocrx_word' id='word_1_69' title='bbox 752 979 934 1046; x_wconf 76' lang='lat' dir='ltr'>partes</span> <span class='ocrx_word' id='word_1_70' title='bbox 1206 975 1293 1028; x_wconf 94' lang='lat' dir='ltr'>III</span> <span class='ocrx_word' id='word_1_71' title='bbox 1460 993 1660 1028; x_wconf 81' lang='lat' dir='ltr'>vacuus</span> 
     </span>
     <span class='ocr_line' id='line_1_17' title="bbox 159 1047 1568 1120; baseline 0.001 -19"><span class='ocrx_word' id='word_1_72' title='bbox 159 1047 216 1101; x_wconf 89' lang='lat' dir='ltr'>H</span> <span class='ocrx_word' id='word_1_73' title='bbox 364 1050 514 1103; x_wconf 81' lang='lat' dir='ltr'>locus</span> <span class='ocrx_word' id='word_1_74' title='bbox 753 1053 934 1120; x_wconf 70' lang='lat' dir='ltr'>partes</span> <span class='ocrx_word' id='word_1_75' title='bbox 1185 1048 1295 1102; x_wconf 93' lang='lat' dir='ltr'>VII</span> <span class='ocrx_word' id='word_1_76' title='bbox 1461 1048 1568 1102; x_wconf 85' lang='lat' dir='ltr'>Suo</span> 
     </span>
     <span class='ocr_line' id='line_1_18' title="bbox 132 1120 1658 1193; baseline 0.001 -19"><span class='ocrx_word' id='word_1_77' title='bbox 132 1121 214 1174; x_wconf 96' lang='lat' dir='ltr'>IH</span> <span class='ocrx_word' id='word_1_78' title='bbox 363 1123 513 1176; x_wconf 83' lang='lat' dir='ltr'>loeus</span> <span class='ocrx_word' id='word_1_79' title='bbox 752 1126 934 1193; x_wconf 53' lang='lat' dir='ltr'>parles</span> <span class='ocrx_word' id='word_1_80' title='bbox 1242 1120 1296 1175; x_wconf 90' lang='lat' dir='ltr'><strong>H</strong></span> <span class='ocrx_word' id='word_1_81' title='bbox 1458 1140 1658 1176; x_wconf 84' lang='lat' dir='ltr'>vacuus</span> 
     </span>
     <span class='ocr_line' id='line_1_19' title="bbox 131 1195 1610 1266; baseline 0 -18"><span class='ocrx_word' id='word_1_82' title='bbox 131 1195 213 1248; x_wconf 94' lang='lat' dir='ltr'>IV</span> <span class='ocrx_word' id='word_1_83' title='bbox 362 1196 512 1250; x_wconf 84' lang='lat' dir='ltr'>locus</span> <span class='ocrx_word' id='word_1_84' title='bbox 751 1200 934 1266; x_wconf 78' lang='lat' dir='ltr'>partes</span> <span class='ocrx_word' id='word_1_85' title='bbox 1159 1195 1295 1249; x_wconf 92' lang='lat' dir='ltr'><strong>VIII</strong></span> <span class='ocrx_word' id='word_1_86' title='bbox 1459 1195 1610 1265; x_wconf 84' lang='lat' dir='ltr'>Aryo</span> 
     </span>
     <span class='ocr_line' id='line_1_20' title="bbox 159 1268 1657 1340; baseline 0 -18"><span class='ocrx_word' id='word_1_87' title='bbox 159 1268 210 1322; x_wconf 96' lang='lat' dir='ltr'><strong>V</strong></span> <span class='ocrx_word' id='word_1_88' title='bbox 361 1270 511 1324; x_wconf 86' lang='lat' dir='ltr'>locus</span> <span class='ocrx_word' id='word_1_89' title='bbox 750 1273 933 1340; x_wconf 72' lang='lat' dir='ltr'>partes</span> <span class='ocrx_word' id='word_1_90' title='bbox 1240 1269 1292 1322; x_wconf 95' lang='lat' dir='ltr'><strong>V</strong></span> <span class='ocrx_word' id='word_1_91' title='bbox 1458 1287 1657 1323; x_wconf 82' lang='lat' dir='ltr'>vacuus</span> 
     </span>
     <span class='ocr_line' id='line_1_21' title="bbox 133 1342 1752 1413; baseline 0 -18"><span class='ocrx_word' id='word_1_92' title='bbox 133 1342 210 1395; x_wconf 95' lang='lat' dir='ltr'>VI</span> <span class='ocrx_word' id='word_1_93' title='bbox 359 1344 510 1397; x_wconf 84' lang='lat' dir='ltr'>locus</span> <span class='ocrx_word' id='word_1_94' title='bbox 750 1347 932 1413; x_wconf 73' lang='lat' dir='ltr'>partes</span> <span class='ocrx_word' id='word_1_95' title='bbox 1240 1342 1292 1396; x_wconf 94' lang='lat' dir='ltr'><strong>V</strong></span> <span class='ocrx_word' id='word_1_96' title='bbox 1458 1342 1752 1396; x_wconf 86' lang='lat' dir='ltr'>Romanae.</span> 
     </span>
    </p>
   </div>
   <div class='ocr_carea' id='block_1_10' title="bbox 275 1444 1898 1517">
    <p class='ocr_par' dir='ltr' id='par_1_10' title="bbox 275 1444 1898 1517">
     <span class='ocr_line' id='line_1_22' title="bbox 275 1444 1898 1517; baseline -0.001 -18"><span class='ocrx_word' id='word_1_97' title='bbox 275 1445 372 1499; x_wconf 94' lang='grc' dir='ltr'>ΠΙ.</span> <span class='ocrx_word' id='word_1_98' title='bbox 414 1446 840 1500; x_wconf 86' lang='lat' dir='ltr'>Geminorum.</span> <span class='ocrx_word' id='word_1_99' title='bbox 930 1445 996 1498; x_wconf 96' lang='lat' dir='ltr'>In</span> <span class='ocrx_word' id='word_1_100' title='bbox 1049 1444 1401 1499; x_wconf 82' lang='lat' dir='ltr'>Geminorum</span> <span class='ocrx_word' id='word_1_101' title='bbox 1458 1447 1616 1517; x_wconf 85' lang='lat' dir='ltr'>signo</span> <span class='ocrx_word' id='word_1_102' title='bbox 1672 1463 1808 1515; x_wconf 86' lang='lat' dir='ltr'>quae</span> <span class='ocrx_word' id='word_1_103' title='bbox 1829 1445 1898 1498; x_wconf 84' lang='lat'>10</span> 
     </span>
    </p>
   </div>
   <div class='ocr_carea' id='block_1_11' title="bbox 128 1519 1811 1663">
    <p class='ocr_par' dir='ltr' id='par_1_11' title="bbox 128 1519 1811 1663">
     <span class='ocr_line' id='line_1_23' title="bbox 129 1519 1810 1590; baseline -0.001 -17"><span class='ocrx_word' id='word_1_104' title='bbox 129 1519 239 1572; x_wconf 80' lang='lat' dir='ltr'>sint</span> <span class='ocrx_word' id='word_1_105' title='bbox 292 1523 474 1590; x_wconf 76' lang='lat' dir='ltr'>partes</span> <span class='ocrx_word' id='word_1_106' title='bbox 527 1520 744 1590; x_wconf 86' lang='lat' dir='ltr'>plenae,</span> <span class='ocrx_word' id='word_1_107' title='bbox 796 1538 930 1590; x_wconf 89' lang='lat' dir='ltr'>quae</span> <span class='ocrx_word' id='word_1_108' title='bbox 977 1538 1202 1585; x_wconf 82' lang='lat' dir='ltr'>vacuae,</span> <span class='ocrx_word' id='word_1_109' title='bbox 1255 1519 1359 1573; x_wconf 86' lang='lat' dir='ltr'>hoc</span> <span class='ocrx_word' id='word_1_110' title='bbox 1406 1520 1810 1573; x_wconf 76' lang='lat' dir='ltr'>demonstratur</span> 
     </span>
     <span class='ocr_line' id='line_1_24' title="bbox 128 1591 1811 1663; baseline 0.001 -18"><span class='ocrx_word' id='word_1_111' title='bbox 128 1595 389 1663; x_wconf 85' lang='lat' dir='ltr'>exemplo.</span> <span class='ocrx_word' id='word_1_112' title='bbox 444 1593 582 1647; x_wconf 77' lang='lat' dir='ltr'>Sunt</span> <span class='ocrx_word' id='word_1_113' title='bbox 615 1597 797 1647; x_wconf 79' lang='lat' dir='ltr'>autem</span> <span class='ocrx_word' id='word_1_114' title='bbox 828 1594 887 1646; x_wconf 93' lang='lat' dir='ltr'>in</span> <span class='ocrx_word' id='word_1_115' title='bbox 910 1591 1149 1646; x_wconf 80' lang='lat' dir='ltr'>Geminis</span> <span class='ocrx_word' id='word_1_116' title='bbox 1181 1594 1371 1662; x_wconf 88' lang='lat' dir='ltr'>plenae</span> <span class='ocrx_word' id='word_1_117' title='bbox 1403 1597 1583 1662; x_wconf 80' lang='lat' dir='ltr'>partes</span> <span class='ocrx_word' id='word_1_118' title='bbox 1607 1591 1811 1662; x_wconf 81' lang='lat' dir='ltr'><strong>XVIII,</strong></span> 
     </span>
    </p>
   </div>
   <div class='ocr_carea' id='block_1_12' title="bbox 125 1667 502 1725">
    <p class='ocr_par' dir='ltr' id='par_1_12' title="bbox 125 1667 502 1725">
     <span class='ocr_line' id='line_1_25' title="bbox 125 1667 502 1725; baseline 0.011 -6"><span class='ocrx_word' id='word_1_119' title='bbox 125 1685 322 1720; x_wconf 83' lang='lat' dir='ltr'>vacuae</span> <span class='ocrx_word' id='word_1_120' title='bbox 362 1667 483 1721; x_wconf 83' lang='lat' dir='ltr'><strong>XII.</strong></span> <span class='ocrx_word' id='word_1_121' title='bbox 498 1721 502 1725; x_wconf 80' lang='grc'><strong>,</strong></span> 
     </span>
    </p>
   </div>
   <div class='ocr_carea' id='block_1_13' title="bbox 130 1754 1737 2191">
    <p class='ocr_par' dir='ltr' id='par_1_13' title="bbox 130 1754 1737 2191">
     <span class='ocr_line' id='line_1_26' title="bbox 186 1754 1737 1825; baseline 0.001 -18"><span class='ocrx_word' id='word_1_122' title='bbox 186 1754 215 1807; x_wconf 96' lang='lat' dir='ltr'><strong>I</strong></span> <span class='ocrx_word' id='word_1_123' title='bbox 362 1756 513 1810; x_wconf 85' lang='lat' dir='ltr'>locus</span> <span class='ocrx_word' id='word_1_124' title='bbox 751 1760 934 1825; x_wconf 74' lang='lat' dir='ltr'>partes</span> <span class='ocrx_word' id='word_1_125' title='bbox 1170 1754 1278 1808; x_wconf 88' lang='lat' dir='ltr'>VH</span> <span class='ocrx_word' id='word_1_126' title='bbox 1457 1755 1737 1825; x_wconf 85' lang='lat' dir='ltr'>Thesogar</span> 
     </span>
     <span class='ocr_line' id='line_1_27' title="bbox 160 1828 1655 1899; baseline 0.002 -20"><span class='ocrx_word' id='word_1_127' title='bbox 160 1828 214 1880; x_wconf 95' lang='lat' dir='ltr'>II</span> <span class='ocrx_word' id='word_1_128' title='bbox 361 1829 511 1884; x_wconf 86' lang='lat' dir='ltr'>loeus</span> <span class='ocrx_word' id='word_1_129' title='bbox 749 1833 932 1899; x_wconf 74' lang='lat' dir='ltr'>partes</span> <span class='ocrx_word' id='word_1_130' title='bbox 1222 1828 1278 1882; x_wconf 89' lang='lat' dir='ltr'><strong>H</strong></span> <span class='ocrx_word' id='word_1_131' title='bbox 1456 1846 1655 1882; x_wconf 83' lang='lat' dir='ltr'>vacuus</span> 
     </span>
     <span class='ocr_line' id='line_1_28' title="bbox 130 1899 1568 1972; baseline 0.001 -19"><span class='ocrx_word' id='word_1_132' title='bbox 130 1899 214 1954; x_wconf 91' lang='grc' dir='ltr'>ΠΙ</span> <span class='ocrx_word' id='word_1_133' title='bbox 362 1903 512 1956; x_wconf 83' lang='lat' dir='ltr'>locus</span> <span class='ocrx_word' id='word_1_134' title='bbox 749 1906 931 1972; x_wconf 71' lang='lat' dir='ltr'>partes</span> <span class='ocrx_word' id='word_1_135' title='bbox 1224 1901 1278 1955; x_wconf 95' lang='lat' dir='ltr'><strong>V</strong></span> <span class='ocrx_word' id='word_1_136' title='bbox 1456 1901 1568 1954; x_wconf 91' lang='lat' dir='ltr'>Ver</span> 
     </span>
     <span class='ocr_line' id='line_1_29' title="bbox 133 1973 1655 2045; baseline 0 -18"><span class='ocrx_word' id='word_1_137' title='bbox 133 1973 213 2027; x_wconf 94' lang='lat' dir='ltr'>IV</span> <span class='ocrx_word' id='word_1_138' title='bbox 360 1976 510 2029; x_wconf 82' lang='lat' dir='ltr'>loeus</span> <span class='ocrx_word' id='word_1_139' title='bbox 746 1979 930 2045; x_wconf 80' lang='lat' dir='ltr'>partes</span> <span class='ocrx_word' id='word_1_140' title='bbox 1191 1974 1276 2028; x_wconf 93' lang='lat' dir='ltr'>III</span> <span class='ocrx_word' id='word_1_141' title='bbox 1455 1993 1655 2028; x_wconf 83' lang='lat' dir='ltr'>vacuus</span> 
     </span>
     <span class='ocr_line' id='line_1_30' title="bbox 158 2047 1614 2118; baseline 0 -16"><span class='ocrx_word' id='word_1_142' title='bbox 158 2047 211 2101; x_wconf 92' lang='lat' dir='ltr'><strong>V</strong></span> <span class='ocrx_word' id='word_1_143' title='bbox 359 2049 509 2102; x_wconf 84' lang='lat' dir='ltr'>locus</span> <span class='ocrx_word' id='word_1_144' title='bbox 657 2065 660 2066; x_wconf 68' lang='grc'>’</span> <span class='ocrx_word' id='word_1_145' title='bbox 745 2053 929 2118; x_wconf 77' lang='lat' dir='ltr'>partes</span> <span class='ocrx_word' id='word_1_146' title='bbox 1195 2047 1275 2100; x_wconf 97' lang='lat' dir='ltr'>VI</span> <span class='ocrx_word' id='word_1_147' title='bbox 1454 2047 1614 2118; x_wconf 88' lang='lat' dir='ltr'>Tepis</span> 
     </span>
     <span class='ocr_line' id='line_1_31' title="bbox 133 2119 1668 2191; baseline 0.002 -19"><span class='ocrx_word' id='word_1_148' title='bbox 133 2119 209 2174; x_wconf 92' lang='lat' dir='ltr'>VI</span> <span class='ocrx_word' id='word_1_149' title='bbox 358 2122 508 2175; x_wconf 85' lang='lat' dir='ltr'>loeus</span> <span class='ocrx_word' id='word_1_150' title='bbox 745 2126 927 2191; x_wconf 75' lang='lat' dir='ltr'>partes</span> <span class='ocrx_word' id='word_1_151' title='bbox 1167 2120 1276 2174; x_wconf 91' lang='lat' dir='ltr'>VH</span> <span class='ocrx_word' id='word_1_152' title='bbox 1453 2140 1668 2175; x_wconf 77' lang='lat' dir='ltr'>vacuus,</span> 
     </span>
    </p>
   </div>
   <div class='ocr_carea' id='block_1_14' title="bbox 128 2280 1804 2970">
    <p class='ocr_par' dir='ltr' id='par_1_14' title="bbox 128 2280 1804 2970">
     <span class='ocr_line' id='line_1_32' title="bbox 277 2280 1804 2326; baseline 0.001 -3"><span class='ocrx_word' id='word_1_153' title='bbox 277 2285 303 2323; x_wconf 89' lang='grc'>2</span> <span class='ocrx_word' id='word_1_154' title='bbox 334 2282 478 2326; x_wconf 76' lang='lat' dir='ltr'>altera</span> <span class='ocrx_word' id='word_1_155' title='bbox 508 2282 696 2326; x_wconf 78' lang='lat' dir='ltr'>‘nomina</span> <span class='ocrx_word' id='word_1_156' title='bbox 727 2283 832 2326; x_wconf 81' lang='lat' dir='ltr'>add.</span> <span class='ocrx_word' id='word_1_157' title='bbox 859 2281 909 2324; x_wconf 80' lang='lat' dir='ltr'>A‘</span> <span class='ocrx_word' id='word_1_158' title='bbox 943 2286 983 2326; x_wconf 82' lang='lat' dir='ltr'>et</span> <span class='ocrx_word' id='word_1_159' title='bbox 1012 2286 1222 2326; x_wconf 77' lang='lat' dir='ltr'>recentes:</span> <span class='ocrx_word' id='word_1_160' title='bbox 1257 2282 1445 2325; x_wconf 75' lang='lat' dir='ltr'>senator</span> <span class='ocrx_word' id='word_1_161' title='bbox 1468 2280 1591 2325; x_wconf 77' lang='lat' dir='ltr'>idest</span> <span class='ocrx_word' id='word_1_162' title='bbox 1616 2280 1804 2325; x_wconf 85' lang='lat' dir='ltr'>asiccan</span> 
     </span>
     <span class='ocr_line' id='line_1_33' title="bbox 129 2339 1801 2398; baseline 0.001 -16"><span class='ocrx_word' id='word_1_163' title='bbox 129 2343 208 2382; x_wconf 76' lang='lat' dir='ltr'>AB</span> <span class='ocrx_word' id='word_1_164' title='bbox 240 2342 427 2383; x_wconf 76' lang='lat' dir='ltr'>senator</span> <span class='ocrx_word' id='word_1_165' title='bbox 457 2341 522 2398; x_wconf 51' lang='lat' dir='ltr'>(us</span> <span class='ocrx_word' id='word_1_166' title='bbox 553 2341 628 2385; x_wconf 77' lang='lat' dir='ltr'>hic</span> <span class='ocrx_word' id='word_1_167' title='bbox 656 2346 697 2386; x_wconf 84' lang='lat' dir='ltr'>et</span> <span class='ocrx_word' id='word_1_168' title='bbox 725 2355 856 2397; x_wconf 80' lang='lat' dir='ltr'>saepe</span> <span class='ocrx_word' id='word_1_169' title='bbox 886 2340 992 2384; x_wconf 83' lang='lat' dir='ltr'>add.</span> <span class='ocrx_word' id='word_1_170' title='bbox 1017 2340 1093 2396; x_wconf 68' lang='lat'>12²)</span> <span class='ocrx_word' id='word_1_171' title='bbox 1131 2339 1402 2384; x_wconf 90' lang='lat' dir='ltr'>ASLCCAN</span> <span class='ocrx_word' id='word_1_172' title='bbox 1426 2345 1460 2383; x_wconf 85' lang='lat' dir='ltr'><strong>E</strong></span> <span class='ocrx_word' id='word_1_173' title='bbox 1492 2346 1533 2384; x_wconf 85' lang='lat' dir='ltr'>et</span> <span class='ocrx_word' id='word_1_174' title='bbox 1556 2340 1594 2396; x_wconf 92' lang='grc' dir='ltr'>(Ι</span> <span class='ocrx_word' id='word_1_175' title='bbox 1617 2353 1673 2383; x_wconf 87' lang='lat' dir='ltr'>ex</span> <span class='ocrx_word' id='word_1_176' title='bbox 1688 2340 1742 2393; x_wconf 88' lang='lat' dir='ltr'>L)</span> <span class='ocrx_word' id='word_1_177' title='bbox 1766 2346 1801 2383; x_wconf 99' lang='grc' dir='ltr'><strong><em>Β</em></strong></span> 
     </span>
     <span class='ocr_line' id='line_1_34' title="bbox 131 2398 1800 2455; baseline -0.001 -13"><span class='ocrx_word' id='word_1_178' title='bbox 131 2401 324 2455; x_wconf 79' lang='lat' dir='ltr'>(utemur</span> <span class='ocrx_word' id='word_1_179' title='bbox 353 2400 639 2455; x_wconf 78' lang='lat' dir='ltr'>minusculis)</span> <span class='ocrx_word' id='word_1_180' title='bbox 794 2405 822 2442; x_wconf 85' lang='lat'>4</span> <span class='ocrx_word' id='word_1_181' title='bbox 854 2399 1079 2443; x_wconf 82' lang='lat' dir='ltr'>sanacher</span> <span class='ocrx_word' id='word_1_182' title='bbox 1100 2403 1140 2442; x_wconf 78' lang='lat' dir='ltr'>B</span> <span class='ocrx_word' id='word_1_183' title='bbox 1169 2398 1292 2442; x_wconf 77' lang='lat' dir='ltr'>idest</span> <span class='ocrx_word' id='word_1_184' title='bbox 1324 2399 1559 2443; x_wconf 74' lang='lat' dir='ltr'>sentafora</span> <span class='ocrx_word' id='word_1_185' title='bbox 1589 2399 1695 2443; x_wconf 84' lang='lat' dir='ltr'>add.</span> <span class='ocrx_word' id='word_1_186' title='bbox 1720 2402 1800 2442; x_wconf 78' lang='lat' dir='ltr'>AB</span> 
     </span>
     <span class='ocr_line' id='line_1_35' title="bbox 129 2458 1802 2515; baseline 0 -15"><span class='ocrx_word' id='word_1_187' title='bbox 129 2459 315 2501; x_wconf 80' lang='lat' dir='ltr'>asenter</span> <span class='ocrx_word' id='word_1_188' title='bbox 343 2458 415 2502; x_wconf 81' lang='lat' dir='ltr'>hie</span> <span class='ocrx_word' id='word_1_189' title='bbox 444 2464 486 2502; x_wconf 86' lang='lat' dir='ltr'>et</span> <span class='ocrx_word' id='word_1_190' title='bbox 515 2458 797 2515; x_wconf 74' lang='lat' dir='ltr'>sentahpora</span> <span class='ocrx_word' id='word_1_191' title='bbox 821 2464 927 2514; x_wconf 81' lang='lat' dir='ltr'>post</span> <span class='ocrx_word' id='word_1_192' title='bbox 956 2471 1131 2501; x_wconf 85' lang='lat' dir='ltr'>uacuus</span> <span class='ocrx_word' id='word_1_193' title='bbox 1164 2459 1191 2502; x_wconf 84' lang='lat' dir='ltr'>l.</span> <span class='ocrx_word' id='word_1_194' title='bbox 1218 2464 1243 2503; x_wconf 91' lang='lat'><strong>3</strong></span> <span class='ocrx_word' id='word_1_195' title='bbox 1276 2458 1382 2502; x_wconf 83' lang='lat' dir='ltr'>add.</span> <span class='ocrx_word' id='word_1_196' title='bbox 1407 2462 1486 2501; x_wconf 95' lang='grc' dir='ltr'><strong><em>ΒΕ</em></strong></span> <span class='ocrx_word' id='word_1_197' title='bbox 1637 2463 1663 2501; x_wconf 89' lang='grc'><strong>6</strong></span> <span class='ocrx_word' id='word_1_198' title='bbox 1688 2470 1802 2501; x_wconf 83' lang='lat' dir='ltr'>uau·</span> 
     </span>
     <span class='ocr_line' id='line_1_36' title="bbox 129 2515 1801 2574; baseline 0.001 -15"><span class='ocrx_word' id='word_1_199' title='bbox 129 2517 232 2560; x_wconf 73' lang='lat' dir='ltr'>cate</span> <span class='ocrx_word' id='word_1_200' title='bbox 271 2518 435 2573; x_wconf 89' lang='lat' dir='ltr'>(uauce</span> <span class='ocrx_word' id='word_1_201' title='bbox 458 2518 510 2574; x_wconf 83' lang='lat' dir='ltr'>B)</span> <span class='ocrx_word' id='word_1_202' title='bbox 547 2515 673 2560; x_wconf 77' lang='lat' dir='ltr'>idest</span> <span class='ocrx_word' id='word_1_203' title='bbox 709 2519 950 2561; x_wconf 74' lang='lat' dir='ltr'>asentacer</span> <span class='ocrx_word' id='word_1_204' title='bbox 979 2521 1058 2560; x_wconf 77' lang='lat' dir='ltr'>AB</span> <span class='ocrx_word' id='word_1_205' title='bbox 1107 2530 1254 2561; x_wconf 89' lang='lat' dir='ltr'>uacue</span> <span class='ocrx_word' id='word_1_206' title='bbox 1285 2522 1364 2559; x_wconf 89' lang='grc' dir='ltr'><strong><em>ΒΕ</em></strong></span> <span class='ocrx_word' id='word_1_207' title='bbox 1508 2521 1532 2559; x_wconf 83' lang='grc'><strong>7</strong></span> <span class='ocrx_word' id='word_1_208' title='bbox 1573 2516 1801 2560; x_wconf 84' lang='lat' dir='ltr'>secundus</span> 
     </span>
     <span class='ocr_line' id='line_1_37' title="bbox 128 2573 1802 2620; baseline 0.001 -2"><span class='ocrx_word' id='word_1_209' title='bbox 128 2573 254 2618; x_wconf 73' lang='lat' dir='ltr'>tauri</span> <span class='ocrx_word' id='word_1_210' title='bbox 284 2580 317 2618; x_wconf 81' lang='lat' dir='ltr'>P</span> <span class='ocrx_word' id='word_1_211' title='bbox 438 2579 489 2618; x_wconf 92' lang='lat'>11</span> <span class='ocrx_word' id='word_1_212' title='bbox 523 2574 646 2618; x_wconf 81' lang='lat' dir='ltr'>idest</span> <span class='ocrx_word' id='word_1_213' title='bbox 678 2575 827 2619; x_wconf 79' lang='lat' dir='ltr'>asicat</span> <span class='ocrx_word' id='word_1_214' title='bbox 857 2576 963 2620; x_wconf 82' lang='lat' dir='ltr'>add.</span> <span class='ocrx_word' id='word_1_215' title='bbox 981 2579 1060 2618; x_wconf 78' lang='lat' dir='ltr'>AB</span> <span class='ocrx_word' id='word_1_216' title='bbox 1100 2575 1250 2619; x_wconf 77' lang='lat' dir='ltr'>asicat</span> <span class='ocrx_word' id='word_1_217' title='bbox 1273 2576 1379 2619; x_wconf 84' lang='lat' dir='ltr'>add.</span> <span class='ocrx_word' id='word_1_218' title='bbox 1404 2580 1483 2618; x_wconf 91' lang='grc' dir='ltr'><strong><em>ΒΕ</em></strong></span> <span class='ocrx_word' id='word_1_219' title='bbox 1592 2580 1645 2618; x_wconf 92' lang='grc'>13</span> <span class='ocrx_word' id='word_1_220' title='bbox 1677 2574 1802 2619; x_wconf 78' lang='lat' dir='ltr'>idest</span> 
     </span>
     <span class='ocr_line' id='line_1_38' title="bbox 130 2633 1803 2678; baseline 0.001 -2"><span class='ocrx_word' id='word_1_221' title='bbox 130 2645 243 2677; x_wconf 78' lang='lat' dir='ltr'>ason</span> <span class='ocrx_word' id='word_1_222' title='bbox 273 2635 379 2678; x_wconf 83' lang='lat' dir='ltr'>add.</span> <span class='ocrx_word' id='word_1_223' title='bbox 412 2638 492 2677; x_wconf 79' lang='lat' dir='ltr'>AB</span> <span class='ocrx_word' id='word_1_224' title='bbox 540 2647 652 2678; x_wconf 87' lang='lat' dir='ltr'>asou</span> <span class='ocrx_word' id='word_1_225' title='bbox 683 2635 789 2678; x_wconf 83' lang='lat' dir='ltr'>add.</span> <span class='ocrx_word' id='word_1_226' title='bbox 821 2639 893 2677; x_wconf 87' lang='grc' dir='ltr'><strong><em>ΒΕ</em></strong></span> <span class='ocrx_word' id='word_1_227' title='bbox 1045 2639 1099 2678; x_wconf 88' lang='grc'>15</span> <span class='ocrx_word' id='word_1_228' title='bbox 1131 2633 1255 2678; x_wconf 69' lang='lat' dir='ltr'>idest:</span> <span class='ocrx_word' id='word_1_229' title='bbox 1285 2633 1399 2677; x_wconf 86' lang='lat' dir='ltr'>aarfi</span> <span class='ocrx_word' id='word_1_230' title='bbox 1430 2635 1535 2678; x_wconf 83' lang='lat' dir='ltr'>add.</span> <span class='ocrx_word' id='word_1_231' title='bbox 1569 2637 1648 2676; x_wconf 78' lang='lat' dir='ltr'>AB</span> <span class='ocrx_word' id='word_1_232' title='bbox 1701 2633 1803 2678; x_wconf 85' lang='lat' dir='ltr'>arfa</span> 
     </span>
     <span class='ocr_line' id='line_1_39' title="bbox 129 2691 1800 2750; baseline 0.001 -15"><span class='ocrx_word' id='word_1_233' title='bbox 129 2691 234 2735; x_wconf 80' lang='lat' dir='ltr'>add.</span> <span class='ocrx_word' id='word_1_234' title='bbox 259 2698 338 2736; x_wconf 89' lang='grc' dir='ltr'>ΒΕ</span> <span class='ocrx_word' id='word_1_235' title='bbox 482 2697 538 2736; x_wconf 87' lang='grc'>20</span> <span class='ocrx_word' id='word_1_236' title='bbox 575 2694 755 2737; x_wconf 78' lang='lat' dir='ltr'>numeri</span> <span class='ocrx_word' id='word_1_237' title='bbox 798 2693 933 2738; x_wconf 80' lang='lat' dir='ltr'>vacui</span> <span class='ocrx_word' id='word_1_238' title='bbox 977 2694 1104 2748; x_wconf 68' lang='lat' dir='ltr'>semi,</span> <span class='ocrx_word' id='word_1_239' title='bbox 1136 2694 1267 2750; x_wconf 78' lang='lat' dir='ltr'>pleni</span> <span class='ocrx_word' id='word_1_240' title='bbox 1303 2694 1484 2747; x_wconf 77' lang='lat' dir='ltr'>incerti3</span> <span class='ocrx_word' id='word_1_241' title='bbox 1524 2707 1633 2736; x_wconf 77' lang='lat' dir='ltr'>nam</span> <span class='ocrx_word' id='word_1_242' title='bbox 1670 2706 1710 2736; x_wconf 89' lang='lat' dir='ltr'>v.</span> <span class='ocrx_word' id='word_1_243' title='bbox 1744 2697 1800 2736; x_wconf 89' lang='grc'>23</span> 
     </span>
     <span class='ocr_line' id='line_1_40' title="bbox 129 2748 1801 2807; baseline 0.002 -15"><span class='ocrx_word' id='word_1_244' title='bbox 129 2748 193 2792; x_wconf 86' lang='lat'>111</span> <span class='ocrx_word' id='word_1_245' title='bbox 214 2755 306 2806; x_wconf 79' lang='lat' dir='ltr'>PB,</span> <span class='ocrx_word' id='word_1_246' title='bbox 338 2765 377 2796; x_wconf 84' lang='lat' dir='ltr'>v.</span> <span class='ocrx_word' id='word_1_247' title='bbox 403 2756 458 2795; x_wconf 88' lang='grc'>25</span> <span class='ocrx_word' id='word_1_248' title='bbox 489 2751 617 2795; x_wconf 84' lang='lat' dir='ltr'>VmI</span> <span class='ocrx_word' id='word_1_249' title='bbox 639 2756 738 2807; x_wconf 80' lang='lat' dir='ltr'>PB;</span> <span class='ocrx_word' id='word_1_250' title='bbox 769 2753 974 2796; x_wconf 82' lang='lat' dir='ltr'>dedimus</span> <span class='ocrx_word' id='word_1_251' title='bbox 1003 2751 1068 2795; x_wconf 92' lang='grc' dir='ltr'>ΠΙ</span> <span class='ocrx_word' id='word_1_252' title='bbox 1097 2758 1139 2797; x_wconf 84' lang='lat' dir='ltr'>et</span> <span class='ocrx_word' id='word_1_253' title='bbox 1167 2752 1254 2795; x_wconf 89' lang='lat' dir='ltr'>VH</span> <span class='ocrx_word' id='word_1_254' title='bbox 1283 2766 1338 2796; x_wconf 79' lang='lat' dir='ltr'>ex</span> <span class='ocrx_word' id='word_1_255' title='bbox 1360 2755 1439 2794; x_wconf 78' lang='lat' dir='ltr'>AB</span> <span class='ocrx_word' id='word_1_256' title='bbox 1471 2751 1556 2795; x_wconf 87' lang='lat'>1111</span> <span class='ocrx_word' id='word_1_257' title='bbox 1587 2757 1628 2796; x_wconf 83' lang='lat' dir='ltr'>et</span> <span class='ocrx_word' id='word_1_258' title='bbox 1656 2750 1742 2795; x_wconf 87' lang='lat' dir='ltr'>VH</span> <span class='ocrx_word' id='word_1_259' title='bbox 1765 2757 1801 2795; x_wconf 92' lang='grc' dir='ltr'><strong><em>Β</em></strong></span> 
     </span>
     <span class='ocr_line' id='line_1_41' title="bbox 129 2810 1803 2868; baseline 0.002 -17"><span class='ocrx_word' id='word_1_260' title='bbox 129 2821 212 2852; x_wconf 87' lang='lat' dir='ltr'>om.</span> <span class='ocrx_word' id='word_1_261' title='bbox 236 2813 271 2852; x_wconf 89' lang='grc' dir='ltr'><strong><em>Ε</em></strong></span> <span class='ocrx_word' id='word_1_262' title='bbox 298 2812 305 2866; x_wconf 83' lang='grc' dir='ltr'>Ι</span> <span class='ocrx_word' id='word_1_263' title='bbox 331 2810 585 2868; x_wconf 77' lang='lat' dir='ltr'>thensogar</span> <span class='ocrx_word' id='word_1_264' title='bbox 615 2810 737 2854; x_wconf 75' lang='lat' dir='ltr'>idest</span> <span class='ocrx_word' id='word_1_265' title='bbox 766 2810 862 2867; x_wconf 80' lang='lat' dir='ltr'>byy</span> <span class='ocrx_word' id='word_1_266' title='bbox 885 2814 963 2853; x_wconf 81' lang='lat' dir='ltr'>AB</span> <span class='ocrx_word' id='word_1_267' title='bbox 994 2812 1208 2855; x_wconf 77' lang='lat' dir='ltr'>tesossar.</span> <span class='ocrx_word' id='word_1_268' title='bbox 1235 2811 1278 2854; x_wconf 91' lang='lat' dir='ltr'>b.</span> <span class='ocrx_word' id='word_1_269' title='bbox 1303 2826 1347 2866; x_wconf 78' lang='lat' dir='ltr'>y.</span> <span class='ocrx_word' id='word_1_270' title='bbox 1372 2813 1405 2854; x_wconf 81' lang='lat' dir='ltr'>t.</span> <span class='ocrx_word' id='word_1_271' title='bbox 1431 2815 1510 2853; x_wconf 89' lang='grc' dir='ltr'>ΒΕ</span> <span class='ocrx_word' id='word_1_272' title='bbox 1632 2814 1687 2853; x_wconf 94' lang='grc'>22</span> <span class='ocrx_word' id='word_1_273' title='bbox 1720 2823 1803 2854; x_wconf 89' lang='lat' dir='ltr'>uer</span> 
     </span>
     <span class='ocr_line' id='line_1_42' title="bbox 129 2865 1799 2914; baseline 0.004 -6"><span class='ocrx_word' id='word_1_274' title='bbox 129 2865 254 2910; x_wconf 74' lang='lat' dir='ltr'>idest</span> <span class='ocrx_word' id='word_1_275' title='bbox 291 2880 431 2912; x_wconf 84' lang='lat' dir='ltr'>asuae</span> <span class='ocrx_word' id='word_1_276' title='bbox 462 2873 541 2912; x_wconf 77' lang='lat' dir='ltr'>AB</span> <span class='ocrx_word' id='word_1_277' title='bbox 595 2883 677 2913; x_wconf 91' lang='lat' dir='ltr'>uer</span> <span class='ocrx_word' id='word_1_278' title='bbox 708 2883 812 2913; x_wconf 86' lang='lat' dir='ltr'>asra</span> <span class='ocrx_word' id='word_1_279' title='bbox 835 2875 914 2912; x_wconf 89' lang='grc' dir='ltr'><strong><em>ΒΕ</em></strong></span> <span class='ocrx_word' id='word_1_280' title='bbox 1035 2874 1091 2914; x_wconf 85' lang='grc'>24</span> <span class='ocrx_word' id='word_1_281' title='bbox 1124 2882 1318 2914; x_wconf 86' lang='lat' dir='ltr'>acosoae</span> <span class='ocrx_word' id='word_1_282' title='bbox 1349 2870 1454 2913; x_wconf 82' lang='lat' dir='ltr'>add.</span> <span class='ocrx_word' id='word_1_283' title='bbox 1481 2873 1518 2911; x_wconf 83' lang='grc' dir='ltr'><strong>Δ</strong></span> <span class='ocrx_word' id='word_1_284' title='bbox 1551 2870 1578 2911; x_wconf 78' lang='lat' dir='ltr'>a</span> <span class='ocrx_word' id='word_1_285' title='bbox 1610 2871 1799 2914; x_wconf 76' lang='lat' dir='ltr'>atosoae</span> 
     </span>
     <span class='ocr_line' id='line_1_43' title="bbox 129 2925 553 2970; baseline 0.007 -2"><span class='ocrx_word' id='word_1_286' title='bbox 129 2925 232 2969; x_wconf 65' lang='lat'>311²</span> <span class='ocrx_word' id='word_1_287' title='bbox 269 2928 430 2970; x_wconf 79' lang='lat' dir='ltr'>atosoa</span> <span class='ocrx_word' id='word_1_288' title='bbox 452 2928 553 2970; x_wconf 75' lang='grc' dir='ltr'><strong><em>ΒῑΕ</em></strong></span> 
     </span>
    </p>
   </div>
  </div>
 </body>
</html>
