2014 3202
170 144 194 193 1
205 141 275 193 70
895 139 1124 184 FIRMICI

114 264 147 316 8
314 261 379 313 In
419 263 609 313 octavo
649 260 769 312 loco
811 261 878 313 ab
917 261 1222 330 horoscopo
1258 259 1558 313 Mercurius
1599 279 1720 314 cum
1753 260 1844 315 Sa·
1893 312 1895 316 ,

167 340 328 387 turno
361 334 564 403 pariter
596 334 926 387 constitutus
958 352 1215 403 processu
1238 333 1500 403 temporis
1528 336 1846 403 patrimonii

167 413 221 461 et
250 408 471 461 honoris
506 410 798 477 augmenta
831 408 1091 478 decernit3
1132 408 1224 461 alii
1255 426 1381 461 vero
1413 407 1605 461 mortis
1639 409 1845 462 alienae

167 501 329 535 causa
353 481 681 551 patrimonia
714 485 1088 553 consecuntur,
1118 483 1360 535 valitudo
1393 485 1576 535 tamen
1607 482 1719 535 illis
1743 483 1846 535 erit

166 559 260 608 aut
300 557 363 608 de
401 555 608 608 vesicae
649 555 853 608 calculo
895 559 988 608 aut
1027 557 1091 609 de
1129 555 1334 609 ventris
1373 556 1524 610 vitio.
1583 555 1688 609 Per
1721 574 1844 610 noc·
1893 576 1912 608 5

165 634 277 682 tem
316 648 442 682 vero
483 630 540 681 in
577 628 681 681 hoc
719 629 839 681 loco
878 630 1082 698 pariter
1115 629 1401 683 constituti
1431 649 1695 699 pauperes
1726 649 1846 699 pro-

167 704 398 772 scriptos
452 703 739 773 languidos
798 705 891 755 aut
945 703 1231 772 ruginosus
1286 704 1486 757 facient
1540 707 1595 756 et
1648 704 1845 773 quibus

163 778 417 830 humores
452 817 616 831 .....
645 776 848 830 facient
884 795 948 829 ex
980 778 1175 830 damno
1209 778 1575 847 depereuntes,
1615 779 1662 830 si
1693 777 1846 831 Luna
2003 832 2005 843 Ι

165 851 376 903 minuta
414 851 616 904 lumine
665 852 732 904 ad
772 849 1064 904 Saturnum
1114 850 1320 904 feratur
1367 854 1460 904 aut
1508 852 1574 904 ad
1612 851 1845 905 Martem
2002 854 2006 920 Ι

163 925 337 993 plena.
1871 946 1912 977 ιο
2004 921 2005 947 ³

112 1001 146 1052 9
312 998 377 1051 In
420 1017 564 1052 nono
610 998 730 1051 loco
781 999 847 1051 ab
894 998 1195 1066 horoscopo
1235 997 1533 1052 Mercurius
1581 1017 1702 1052 cum
1750 997 1847 1052 Sa-

165 1074 325 1125 turno
364 1073 571 1141 pariter
610 1073 939 1125 constitutus
978 1072 1274 1141 prophetas
1315 1075 1408 1125 aut
1446 1073 1732 1126 vestitores
1768 1073 1844 1125 di-

165 1146 415 1199 vinorum
463 1147 877 1199 simulacrorum
923 1148 1017 1198 aut
1062 1145 1274 1200 baiulos
1329 1146 1631 1199 divinarum
1685 1146 1846 1200 caeri-

163 1220 468 1273 moniarum
505 1220 680 1274 faciet.
1411 1280 1414 1284 ,

77 1294 148 1347 10
310 1293 376 1346 In
414 1294 621 1348 decimo
661 1295 781 1347 loco
822 1295 889 1347 ab
928 1294 1234 1363 horoscopo
1266 1293 1566 1347 Mercurius
1599 1313 1722 1347 cum
1755 1292 1846 1347 Sa·
1871 1314 1912 1346 15

165 1371 326 1420 turno
379 1369 585 1437 pariter
639 1368 994 1437 constitutuS,
1045 1368 1188 1421 idest
1241 1368 1298 1420 in
1352 1367 1492 1436 MC„
1547 1368 1845 1422 alienorum

163 1441 619 1510 patrimoniorum
656 1442 879 1496 heredes
926 1442 1089 1495 faciet
1135 1445 1230 1495 aut
1269 1442 1626 1494 maximarum
1664 1460 1846 1495 rerum

86 1582 89 1585 Ι
164 1515 485 1568 inventores,
562 1516 742 1569 Erunt
787 1517 1059 1569 interdum
1107 1516 1314 1569 scribae
1363 1519 1457 1568 aut
1495 1519 1704 1569 actores
1751 1519 1847 1568 aut

164 1589 525 1641 maximorum
563 1590 805 1642 virorum
850 1592 1243 1658 procuratores.
1321 1587 1424 1642 Sed
1471 1589 1589 1658 (si)
1635 1590 1712 1643 sic
1751 1607 1843 1642 eos

163 1662 372 1730 positos
411 1663 728 1730 (benivola)
769 1664 929 1715 stella
967 1663 1176 1732 viderit,
1217 1662 1396 1715 divino
1428 1663 1646 1732 ingenio
1678 1662 1842 1715 faciet
1866 1683 1908 1714 20

166 1740 408 1788 oratores
447 1737 533 1789 vel
574 1737 934 1789 oratoriarum
975 1737 1174 1789 artium
1214 1736 1504 1806 magistros
1544 1738 1638 1788 aut
1669 1754 1843 1806 gram-

165 1810 392 1863 maticos
434 1814 528 1863 aut
574 1810 659 1863 his
709 1811 957 1863 omnibus
1004 1810 1292 1879 potestatis
1341 1810 1567 1862 alicuius
1616 1811 1842 1863 auctori-

164 1886 278 1936 tate
302 1884 641 1954 praepositos
667 1888 761 1937 aut
785 1884 1078 1954 magistros
1105 1884 1407 1936 studiorum
1433 1886 1526 1936 aut
1547 1883 1840 1954 magistros

165 1958 497 2010 censualium
530 2000 541 2011 .
566 1999 577 2011 .
603 2000 614 2012 .
640 2000 651 2010 .
685 1958 942 2011 caelestes
988 1976 1072 2010 res
1122 1958 1372 2027 scrutari3
1419 1957 1513 2009 alii
1557 1961 1841 2027 computos

165 2036 428 2102 exercent,
467 2032 561 2085 alii
601 2032 904 2085 difficilium
942 2032 1249 2084 litterarum
1281 2034 1375 2084 aut
1405 2031 1715 2084 inventores
1747 2035 1841 2085 aut
1865 2051 1907 2084 25

166 2105 415 2176 magistri
454 2109 627 2159 erunt.

79 2180 143 2231 11
312 2179 378 2232 111
423 2180 704 2233 undecimo
751 2180 871 2233 loco
911 2179 1194 2250 geniturae
1235 2177 1499 2232 Saturnus
1544 2182 1600 2231 et
1637 2178 1842 2231 Mercu·

164 2252 275 2305 rius
316 2253 383 2305 ab
422 2253 725 2322 horoscopo
772 2253 975 2322 pariter
1022 2253 1309 2306 constituti
1355 2252 1487 2306 haec
1534 2252 1840 2320 decernunt,

165 2344 300 2396 quae
341 2327 468 2379 illos
507 2327 565 2379 in
605 2327 795 2396 quinto
835 2328 956 2380 loco
998 2327 1279 2379 decernere
1319 2326 1567 2378 diximus,

80 2403 147 2454 12
311 2400 375 2453 In
414 2401 728 2454 duodecimo
766 2401 887 2454 loco
927 2401 1207 2471 geniturae
1238 2399 1537 2453 Mercurius
1571 2402 1625 2452 et
1659 2397 1839 2451 Satur·
1863 2419 1906 2451 30

314 2521 335 2559 1
373 2516 480 2559 -VH-
514 2520 551 2558 V
582 2530 693 2560 corr.
727 2532 782 2559 m.
815 2531 898 2560 rec.
1028 2521 1052 2558 2
1086 2514 1343 2570 constituti,
1374 2528 1484 2558 corr.
1517 2529 1546 2556 v
1673 2518 1698 2556 5
1731 2527 1838 2556 cau-

165 2575 268 2619 culo
299 2580 431 2618 MPB
474 2577 479 2632 Ι
522 2574 643 2618 uitia
672 2580 730 2617 Pa
871 2580 896 2618 8
931 2575 1012 2619 lac.
1045 2580 1146 2618 stat.
1181 2574 1286 2618 Sitti
1326 2576 1332 2631 Ι
1373 2573 1691 2638 nepereunteS‚
1724 2586 1835 2615 corr.

165 2635 273 2678 Sittl
303 2648 358 2677 ex
390 2633 638 2678 abdomine
667 2634 948 2689 prodeuntes
974 2635 1228 2677 Mommsen
1347 2635 1401 2674 15
1433 2630 1608 2687 pariter
1638 2645 1743 2673 cum
1766 2644 1838 2674 sa-

164 2695 301 2736 turno
325 2698 358 2735 P
466 2698 520 2736 19
546 2691 585 2735 si
608 2693 713 2735 add.
739 2691 788 2734 A'
819 2694 824 2749 Ι
853 2692 919 2736 sic
941 2692 1097 2749 posita
1121 2691 1257 2735 stella
1281 2689 1321 2733 si
1344 2703 1422 2733 eos
1446 2694 1483 2731 V
1581 2693 1637 2732 20
1666 2689 1835 2745 posita,

164 2766 275 2795 corr.
302 2751 350 2794 A‘
381 2753 387 2809 Ι
414 2751 631 2795 benivola
654 2752 759 2794 add.
786 2765 812 2793 σ
913 2757 968 2794 22
992 2749 1258 2794 hominibus
1283 2749 1535 2792 Mommsen
1562 2750 1567 2804 Ι
1594 2748 1839 2804 potestati-

163 2810 265 2866 bus,
298 2825 408 2854 corr.
442 2812 548 2855 Sittl
667 2814 722 2852 24
755 2810 961 2852 censuali
993 2812 1116 2867 (post
1136 2811 1177 2853 h.
1202 2823 1241 2852 v.
1266 2813 1380 2864 spat
1406 2810 1434 2850 3
1465 2807 1547 2851 litt.
1572 2810 1641 2862 V),
1673 2821 1785 2851 corr.
1810 2824 1838 2851 κ

168 2868 175 2927 Ι
207 2868 419 2913 caelestis
443 2867 692 2913 rescrutari
715 2870 780 2925 (re
805 2882 887 2912 om.
911 2870 963 2911 in
985 2875 1099 2924 spat.
1126 2871 1154 2912 3
1186 2868 1269 2912 litt.
1294 2869 1362 2922 V),
1394 2879 1505 2910 corr.
1533 2883 1559 2909 κ
1681 2870 1734 2908 25
1768 2865 1837 2908 di-

165 2926 356 2970 ficilium
385 2933 422 2969 B
543 2933 597 2971 27
630 2940 766 2970 merc.
799 2929 846 2970 et
877 2929 1048 2971 saturn.
1083 2932 1126 2970 M
