2014 3202
778 115 842 159 IV
868 121 906 172 1,
931 120 1074 171 10—3‚
1099 128 1132 162 3.
1569 141 1575 146 -
1677 116 1782 169 201

565 309 662 362 Πῐ.
715 307 920 362 LUNA
962 284 1060 361 AD
1100 308 1351 364 IOVEM.

278 413 334 468 Si
373 413 526 466 Luna
566 431 620 466 se
660 412 802 465 Iovis
843 412 1207 480 adplicaverit·
1232 413 1418 466 stellae
1458 417 1512 467 et
1551 431 1790 467 crescens
1814 418 1840 468 1

128 489 326 541 lumine
379 488 485 540 ista
539 505 594 539 se
648 486 906 551 societate
964 487 1298 539 coniunxerit
1350 488 1435 540 vel
1491 487 1557 539 ad
1610 487 1794 540 Iovem

130 562 355 628 feratur,
400 561 562 615 faciet
600 559 781 613 felices
829 559 1095 630 gloriosos
1142 560 1355 628 divites,
1401 561 1696 614 multorum
1742 564 1797 612 et

0 648 1 731 l
89 658 108 692 5
133 653 451 705 magnorum
490 634 960 686 fundamentorum
1001 637 1054 686 et
1088 635 1477 691 ,latissimarum
1507 634 1798 706 possessio-

132 727 261 762 num
300 708 567 777 dominos;
615 708 706 760 sed
753 707 828 760 sic
867 708 1128 760 habentes
1167 707 1375 761 Lunam
1414 707 1579 762 etiam
1615 707 1800 761 futura

132 782 448 852 praedicunt
499 785 593 834 aut
636 782 857 850 propria
902 781 1067 834 animi
1115 782 1395 835 divinitate
1442 785 1538 835 aut
1583 782 1803 835 deorum

134 855 344 909 monitu
384 859 478 908 aut
517 874 581 908 ex
621 855 851 908 oraculis
893 859 986 913 aut
1026 855 1156 908 artis
1198 856 1474 909 cuiusdam
1510 854 1803 909 venerabili

136 929 434 998 disciplina.
506 927 561 982 Si
600 932 783 981 tamen
820 929 878 980 in
914 930 1023 981 ista
1063 929 1437 982 coniunctione
1468 929 1677 982 Lunam
1714 947 1827 998 po-.

72 1026 113 1058 10
138 1004 300 1056 sitam
339 1004 402 1056 de
436 1003 696 1071 quadrato
729 1003 813 1055 vel
846 1002 908 1055 de
941 1002 1203 1056 diametro
1235 1003 1427 1056 Martis
1461 1001 1804 1072 stella-[non]

135 1076 355 1144 viderit,
413 1077 728 1128 minuuntur
780 1076 913 1129 haec
966 1077 1147 1130 omnia
1200 1095 1322 1130 cum
1377 1076 1609 1130 maximo
1663 1077 1806 1130 vitae

55 1208 59 1212 ,
138 1150 456 1203 discrimine.
522 1148 579 1203 Si
614 1167 741 1202 vero
773 1149 830 1202 in
859 1150 968 1202 ista
999 1151 1372 1204 coniunctione
1405 1151 1570 1204 fuerit
1601 1151 1808 1203 minuta
1828 1153 1866 1204 2

137 1224 448 1293 luminibuS,
495 1223 657 1277 faciet
697 1224 942 1292 adoptari
988 1224 1073 1276 vel
1112 1225 1387 1294 expositos
1427 1227 1585 1277 antea
1621 1227 1813 1294 postea

139 1298 452 1367 parentibus
485 1298 650 1366 reddi,
681 1315 776 1366 per
809 1298 1265 1366 semetipsos-sibi
1299 1298 1626 1367 patrimonia
1656 1315 1814 1367 quae-

4 1415 6 1419 ‚
76 1394 116 1427 15
140 1374 333 1439 rentes,
377 1375 431 1423 et
470 1370 644 1424 reddit
675 1371 827 1439 taleS,
869 1372 959 1440 qui
999 1371 1266 1441 gradatim
1298 1376 1352 1424 et
1388 1389 1643 1441 processu
1682 1376 1814 1424 tem-

142 1445 290 1514 poris
331 1449 575 1498 crescant
614 1448 668 1498 et
716 1445 808 1514 qui
853 1445 1090 1498 habeant
1137 1446 1362 1499 alicuius
1410 1445 1615 1516 gloriae
1660 1447 1815 1514 pote—

145 1523 363 1587 statem3
406 1520 497 1571 sed
535 1518 668 1571 haec
707 1523 835 1572 tunc
875 1519 1227 1587 complentur,
1275 1520 1321 1571 si
1362 1520 1438 1572 sic
1477 1519 1686 1572 Lunam
1723 1537 1814 1587 po-

145 1592 308 1645 sitam
347 1593 432 1644 vel
473 1596 800 1645 crescentem
838 1593 923 1645 vel
963 1593 1228 1646 minutam
1261 1591 1408 1646 Mars
1449 1594 1512 1646 de
1552 1593 1814 1645 diametro

143 1667 243 1719 vel·
270 1666 531 1734 quadrato
570 1683 680 1719 non
719 1667 927 1719 viderit.
991 1665 1194 1729 Quodsi
1231 1667 1308 1720 sic
1339 1666 1548 1720 Lunam
1579 1666 1870 1736 positam3

0 1798 5 1811 ἱ
78 1762 120 1794 20
144 1740 291 1792 Mars
330 1740 458 1808 ista,
498 1758 603 1809 qua
640 1740 895 1808 diximUS,
943 1739 1242 1793 radiatione
1290 1740 1608 1811 respexerit,
1652 1740 1815 1793 faciet

145 1813 417 1882 expositos
458 1814 782 1883 sempiterno
823 1813 1099 1867 servitutis
1140 1833 1300 1868 onere
1346 1814 1573 1884 deprimi
1614 1817 1708 1866 aut
1747 1814 1814 1866 ab

146 1887 340 1940 ancilla
378 1891 547 1940 matre
596 1891 689 1940 aut
738 1906 769 1940 a
814 1887 980 1940 debili
1025 1888 1189 1941 faciet
1235 1889 1526 1958 procreari,
1572 1891 1666 1940 aut
1710 1886 1815 1955 ipsi

146 1964 291 2014 certe
329 1961 467 2013 fiunt
511 1965 664 2029 parte
713 1962 941 2030 quadam
988 1962 1227 2031 corporis
1275 1961 1475 2014 debiles
1524 1964 1579 2013 et
1617 1961 1814 2013 misero

147 2033 484 2087 infelicitatis
539 2052 707 2091 onere·
750 2035 1115 2104 praegravati,
1175 2035 1496 2103 praesertim
1554 2034 1600 2087 si
1653 2034 1815 2086 istam

82 2129 122 2162 25
149 2107 578 2160 coniunctionem
610 2107 754 2160 Mars
794 2109 851 2160 in
889 2107 1080 2161 diurna
1119 2108 1367 2178 genitura
1405 2109 1700 2177 respexerit
1731 2107 1814 2159 vel

147 2179 414 2306 {ag—lum?
445 2181 502 2232 in
531 2185 809 2247 nocturna,
850 2182 941 2234 sed
975 2179 1238 2234 Saturnus
1271 2185 1415 2252 tunc,
1454 2199 1575 2235 cum
1606 2181 1817 2234 minuta

145 2273 209 2310 .e
253 2254 326 2306 cit
400 2264 527 2307 una.

294 2418 318 2456 2
353 2427 400 2457 se
431 2408 548 2456 iouis
582 2426 629 2456 se
659 2417 703 2456 Μ
731 2415 736 2470 Ι
765 2413 1041 2470 applicuerit
1070 2419 1106 2456 V
1256 2419 1281 2458 3
1314 2413 1394 2458 isti
1431 2427 1478 2458 se
1511 2412 1724 2468 societati
1754 2411 1811 2456 A'

148 2485 196 2515 se
228 2472 271 2516 ei
303 2487 335 2516 s.
362 2489 389 2515 a
494 2477 519 2515 5
551 2471 896 2516 fundamtorum
918 2477 962 2515 u
1068 2478 1092 2516 7
1120 2473 1395 2530 praedicant
1410 2478 1454 2516 *V
1480 2473 1488 2539 Ι
1515 2472 1816 2516 diuinitatate

146 2535 191 2574 1
341 2536 395 2575 10
426 2533 508 2575 del.
541 2547 567 2574 a.
719 2537 769 2574 11
804 2531 926 2575 vitae
966 2546 1047 2575 om..
1080 2536 1125 2575 Π
1275 2538 1328 2577 15
1359 2532 1513 2587 reddi,
1550 2546 1659 2575 corr.
1695 2529 1811 2579 ΨΚ

128 2594 204 2634 ’19
237 2589 302 2634 sic
333 2591 390 2648 V]
424 2590 486 2634 sit
620 2595 675 2633 20
707 2589 800 2633 ista
830 2604 923 2645 qua
952 2592 1009 2649 V]
1046 2590 1206 2647 itaque
1341 2596 1394 2635 21
1429 2589 1625 2647 deprimi
1654 2590 1711 2648 V]
1743 2602 1815 2632 re-

148 2648 285 2704 primi
308 2663 372 2693 an
395 2649 512 2708 (et)
539 2649 652 2693 aut?
772 2654 826 2692 22
860 2649 1011 2693 debile
1034 2654 1123 2692 HV
1154 2650 1331 2694 debiles
1355 2655 1417 2692 Ra
1536 2653 1591 2692 23
1623 2647 1815 2692 miseros

152 2706 323 2763 (miseri
352 2706 447 2764 Vb),
480 2722 590 2753 corr.
615 2723 644 2751 v
