2014 3202
190 117 259 169 88
924 117 1153 161 FIRMICI

191 256 313 290 cum
345 236 526 305 aliquo
558 236 772 289 fabulas
805 237 1063 307 conferas,
1095 239 1188 291 sed
1218 239 1416 309 palam,
1447 239 1586 292 sicut
1619 241 1862 308 superius

191 310 593 379 comprehendi,
647 311 747 363 sub
804 316 1096 381 conspectu
1150 313 1390 365 omnium
1444 312 1600 365 istius
1646 314 1862 367 'divinae
1913 336 1915 339 ·

103 388 169 439 11
193 385 325 437 artis
381 402 533 436 exere
583 383 935 453 disciplinam.
1009 384 1152 438 Nolo
1199 390 1253 439 te
1303 387 1433 439 vitia
1477 387 1757 440 hominum
1806 388 1864 440 in

192 461 429 511 tractatu
470 457 842 528 geniturarum
880 459 1218 512 manifestius
1262 461 1550 529 explicare,
1591 461 1699 531 sed,
1737 479 1864 530 quo-

193 533 562 600 tienscumque
603 532 668 583 ad
705 531 848 585 hunc
886 532 1066 585 locum
1099 535 1323 603 veneris,
1362 553 1679 603 responsum
1709 538 1864 587 tuum
1909 554 1931 587 5

195 625 317 659 cum
357 606 587 674 quadam
626 606 840 658 ruboris
880 605 1238 675 trepidatione
1278 609 1555 677 suspende,
1593 627 1682 677 ne,
1723 609 1866 677 quod

194 680 402 732 homini
449 680 623 731 malus
665 678 945 732 stellarum
995 681 1230 733 decrevit
1270 699 1480 750 cursuS,
1524 701 1634 735 non
1680 683 1869 751 dicere,

112 755 183 808 12
200 754 293 807 sed
331 754 654 822 exprobrare
686 753 929 806 videaris
993 752 1218 808 Secerne
1249 757 1304 806 te
1341 755 1408 807 ab
1442 757 1869 825 spectaculorum

203 846 418 895 semper
454 826 747 896 illecebriS,
790 845 858 879 ne
906 827 1024 896 quis
1072 831 1125 880 te
1171 827 1439 881 fautorem
1486 830 1711 883 alicuius
1754 848 1870 883 esse

202 902 376 970 partis
425 901 720 969 existimet,
766 901 994 954 antistes
1041 902 1184 954 enim
1231 902 1452 955 deorum
1492 908 1769 972 separatus
1817 907 1873 956 et
1895 923 1939 954 ιο

201 975 407 1027 alienus
461 993 577 1027 esse
639 975 798 1027 debet
860 993 891 1026 a
944 976 1123 1044 pravis
1185 976 1453 1029 illecebris
1514 978 1871 1046 voluptatum.

110 1051 180 1104 13
200 1048 336 1103 Cum
376 1049 614 1101 animum
651 1051 807 1101 tuum
846 1048 931 1100 his
973 1050 1304 1102 ornamentis
1350 1068 1411 1103 ac
1447 1050 1729 1119 praesidiis
1769 1051 1871 1104 vir-

197 1123 333 1193 tutis
390 1122 685 1190 ornaveriS,
750 1121 1039 1192 adgredere
1092 1123 1196 1176 hoc
1251 1141 1385 1192 opus
1440 1127 1494 1176 et
1545 1125 1871 1193 posteriores

197 1197 392 1265 libros,
448 1207 582 1265 quos
637 1195 701 1248 de
756 1197 1237 1264 apotelesmatibus
1297 1197 1631 1266 scripsimuS,
1689 1217 1875 1252 secura

197 1271 394 1323 mentis
435 1270 780 1322 animositate
818 1288 1152 1339 persequere.
1231 1270 1434 1333 Quodsi
1483 1273 1549 1324 ab
1596 1272 1681 1324 his
1720 1273 1873 1325 insti-
1897 1290 1940 1322 15

197 1345 352 1411 tutis,
408 1362 543 1412 quae
598 1344 660 1396 de
707 1344 948 1396 moribus
1003 1343 1258 1413 diximus,
1313 1345 1551 1398 animum
1599 1349 1753 1398 tuum
1808 1365 1873 1398 ex

200 1419 381 1486 aliqua
419 1421 572 1486 parte
613 1418 978 1487 transtuleris,
1024 1418 1166 1488 vide,
1205 1436 1271 1470 ne
1310 1422 1689 1488 praeposterae
1731 1420 1874 1489 cupi-

201 1492 388 1544 ditatis
435 1490 698 1544 instinctu
745 1494 839 1543 aut
885 1491 1148 1561 sacrilego
1196 1493 1520 1545 temeritatis
1569 1494 1757 1546 ardore
1807 1494 1873 1546 ad

116 1567 185 1619 14
200 1564 360 1617 huius
393 1563 707 1632 disciplinae
740 1568 948 1617 secreta
978 1566 1176 1618 venias.
1229 1565 1344 1618 Nec
1369 1567 1674 1618 errantibus
1707 1567 1874 1620 animi

205 1638 590 1707 cupiditatibus
631 1638 910 1707 religionis
949 1637 1107 1690 istius
1148 1657 1344 1691 arcana
1388 1640 1720 1710 committas3
1763 1659 1874 1693 non
1897 1659 1942 1690 20

205 1714 348 1765 enim
380 1715 597 1780 oportet
627 1712 863 1780 perditas
895 1715 1101 1764 mentes
1132 1712 1410 1765 hominum
1445 1713 1638 1766 divinis
1669 1714 1874 1766 initiari

205 1785 556 1839 caerimoniis.
621 1784 724 1838 Sed
754 1804 851 1838 nec
885 1789 1144 1854 occupato
1185 1787 1364 1838 animo
1399 1790 1452 1839 et
1482 1787 1694 1855 perdita
1733 1788 1875 1856 cupi-

206 1861 376 1912 ditate
414 1859 624 1928 polluto
656 1859 935 1911 inhaerere
976 1859 1261 1928 aliquando
1299 1861 1502 1928 poterit
1531 1860 1690 1913 istius
1722 1880 1875 1914 vene-

205 1935 402 1986 randae
435 1933 690 1986 scientiae
721 1933 1018 2002 disciplina,
1051 1937 1105 1986 et
1131 1934 1339 2002 patitur
1371 1952 1581 2002 semper
1612 1934 1874 1988 iacturam

206 2007 519 2074 maximam,
574 2026 694 2059 cum
751 2025 868 2059 eam
921 2006 1151 2075 inproba
1204 2007 1570 2076 professorum
1623 2009 1873 2061 voluntas
1900 2026 1942 2059 25

119 2081 190 2135 15
206 2082 534 2134 immaculat.
596 2081 786 2149 ltaque
818 2098 982 2149 purus
1016 2084 1195 2133 castus
1229 2085 1361 2149 est0,
1401 2085 1454 2133 et
1486 2082 1531 2133 si
1565 2086 1617 2134 te
1659 2083 1725 2134 ab
1767 2100 1876 2135 om-

204 2155 365 2207 nibus
402 2154 622 2207 nefariis
662 2153 872 2207 actibus
913 2155 1191 2223 separasti,
1230 2155 1321 2222 qui
1362 2155 1601 2207 animum
1638 2174 1876 2224 pessum-

208 2229 333 2280 dare
374 2231 720 2297 consuerunt,
767 2231 821 2280 et
868 2228 914 2280 si
959 2231 1014 2280 te
1061 2230 1265 2284 rectum
1313 2228 1523 2280 vivendi
1569 2233 1756 2282 votum
1805 2230 1873 2281 ab

210 2302 356 2354 omni
396 2302 655 2354 scelerum
694 2302 946 2354 liberavit
984 2301 1185 2354 invidia
1224 2304 1278 2353 et
1317 2302 1363 2353 si
1403 2306 1456 2354 te
1484 2307 1777 2372 purgatum
1816 2306 1871 2354 et

209 2392 502 2428 memorem
542 2374 708 2427 divini
748 2375 967 2428 seminis
1000 2375 1158 2444 geriS,
1198 2375 1485 2444 adgredere
1517 2377 1620 2429 hoc
1653 2394 1785 2445 opus
1823 2379 1878 2427 et
1900 2394 1944 2425 30

209 2448 537 2516 posteriores
582 2448 682 2500 hos
727 2449 895 2501 libros
943 2449 1230 2501 memoriae
1279 2450 1451 2517 trade,
1502 2454 1563 2501 ut
1609 2450 1877 2518 integram

210 2523 313 2574 tibi
361 2521 643 2574 scientiam
690 2521 942 2574 divinitas
989 2522 1167 2574 tradat
1222 2525 1277 2574 et
1327 2523 1393 2574 ad
1441 2523 1677 2575 animum
1724 2526 1878 2574 tuum

211 2597 415 2649 latente
453 2612 717 2664 praesaga
755 2595 1040 2648 maiestate
1081 2596 1318 2663 accedat,
1366 2600 1427 2648 ut
1472 2614 1652 2648 veram
1692 2594 1879 2648 divini-

362 2729 384 2767 1
419 2723 627 2767 conferas
659 2737 739 2767 om.
765 2728 810 2765 Η
893 2729 918 2766 2
950 2725 1086 2768 huius
1110 2730 1154 2767 Μ
1245 2728 1268 2767 7
1302 2739 1460 2768 cursus
1493 2726 1611 2769 decr.
1637 2729 1671 2772 Q.
1746 2729 1772 2768 8
1805 2738 1880 2768 ex-

210 2783 518 2839 probrabrare
540 2788 574 2825 P
605 2782 856 2838 exprobare
879 2788 916 2824 V
1001 2789 1053 2826 11
1089 2798 1116 2826 a
1146 2797 1227 2827 om.
1246 2787 1413 2831 PQBV
1499 2790 1550 2828 16
1585 2782 1743 2838 aliqua
1767 2796 1822 2826 ex
1847 2788 1881 2831 Q.

215 2846 269 2884 19
301 2841 405 2884 huis
428 2846 466 2883 B
493 2846 499 2898 Ι
525 2841 767 2898 peruenias
791 2846 836 2882 Μ
919 2846 974 2883 20
1006 2843 1210 2886 archana
1232 2847 1406 2890 11qu
1491 2849 1543 2886 27
1577 2841 1658 2898 qui
1689 2842 1734 2899 a]
1760 2855 1881 2898 quae

215 2904 270 2942 28
294 2900 485 2943 uiuendi
509 2902 562 2958 Q]
586 2899 778 2943 uidendi
854 2904 906 2942 31
933 2900 1199 2956 posterioris
1219 2905 1257 2943 V
1333 2906 1388 2943 33
1413 2901 1615 2945 latenter
1631 2901 1882 2945 Mommsen
