2014 3202
865 78 886 122 I
911 82 950 134 7,
976 91 1132 122 11—19.
1767 79 1839 131 23

168 199 412 253 Primum
451 200 635 269 itaque
674 200 854 253 locum
895 198 1000 251 sibi
1042 198 1252 266 quietae
1293 198 1434 251 sedis
1468 199 1648 270 elegit,
1687 204 1747 252 ut
1777 201 1845 253 ab
1864 201 1933 254 15

178 274 318 327 omni
356 274 622 327 humanae
663 273 1089 327 conversationis
1131 272 1363 341 strepitu
1402 277 1682 341 separatus
1716 273 1843 327 For-

175 350 329 401 tunae
377 366 433 400 se
480 348 736 400 liberaret
775 346 999 414 invidia,
1048 346 1177 398 solis
1225 345 1436 399 divinae
1481 347 1845 402 institutionis
1924 399 1929 408 x

175 425 455 475 vacaturus
488 421 810 490 insignibus,
849 423 912 473 ut
944 422 1133 472 contra
1163 420 1412 472 fortunae
1453 439 1636 473 omnes
1671 422 1844 475 minas

131 515 153 549 5
178 493 384 566 integro
432 513 488 547 se
535 498 588 547 et
634 494 946 563 incorrupto
994 493 1262 562 praesidio
1318 494 1539 547 virtutis
1596 500 1843 549 armaret.

175 567 283 621 Ista
321 569 502 637 itaque
542 568 867 621 confidentia
906 568 1102 619 mentis
1151 570 1359 620 erectus
1400 568 1566 620 etiam
1605 570 1845 638 corporis
1868 570 1934 622 16

178 641 260 693 sui
302 661 485 695 curam
532 642 924 711 tuitionemque
980 642 1241 710 suscepit,
1284 641 1412 710 (et)
1457 645 1520 694 ut
1571 642 1708 694 nihil
1754 661 1846 695 va-

176 733 329 768 cuum
375 734 439 769 ac
484 716 687 768 nudum
732 716 1083 784 relinqueret,
1137 716 1231 767 ubi
1279 733 1334 767 se
1389 718 1574 784 posset
1626 717 1847 769 licentia

176 788 439 842 Fortunae
472 790 760 842 saevientis
794 807 1054 857 exercere,
1093 787 1150 840 in
1182 789 1386 841 salubri
1421 807 1477 842 se
1510 807 1571 842 ac
1602 809 1738 858 pura
1768 809 1847 843 re-

108 885 152 916 ιο
176 862 348 933 gionis
394 866 548 932 parte
596 863 903 930 constituit3
955 881 1083 915 nam
1138 863 1205 914 ad
1254 862 1618 916 collocandam
1666 864 1845 917 sedem

175 953 453 990 amoenum
486 937 593 990 sibi
627 935 951 1006 Campaniae
985 936 1224 989 civitatis
1256 936 1431 989 solum
1463 937 1689 1006 elegisse
1724 957 1844 990 nar-

171 1013 345 1079 ratur,
377 1011 471 1064 ubi
513 1030 723 1080 semper
762 1011 901 1063 aeris
942 1009 1125 1080 quieta
1164 1010 1461 1063 moderatio
1503 1015 1725 1064 cunctos
1765 1011 1843 1063 in-

171 1084 314 1137 colas
369 1085 568 1138 salubri
620 1085 961 1155 vegetatione
1020 1087 1314 1151 sustentat,
1374 1083 1468 1136 ubi
1528 1103 1702 1153 neque
1762 1085 1843 1138 vis

170 1157 364 1210 hiemis
414 1177 512 1211 nec
564 1159 846 1228 flagrantis
903 1158 1032 1210 solis
1084 1157 1340 1224 accessiO,
1397 1159 1490 1211 sed
1545 1159 1845 1228 composita

105 1253 148 1286 15
171 1231 452 1300 temperies
492 1251 556 1285 ex
594 1236 823 1301 utroque
864 1232 1195 1298 moderatur,
1241 1232 1334 1283 ubi
1376 1231 1711 1301 aegritudine
1750 1233 1844 1285 ali-

173 1323 278 1373 qua
314 1305 684 1358 laborantibus
717 1306 1028 1358 hominibus
1059 1305 1364 1374 ingentium
1397 1305 1632 1358 fontium
1665 1305 1842 1360 calore

170 1383 226 1431 et
263 1378 672 1432 fervescentium
712 1398 974 1448 aquarum
1006 1379 1230 1431 salutari
1270 1378 1512 1431 fomento
1554 1380 1844 1433 conciliata

169 1453 372 1505 sanitas
411 1453 679 1522 irrigatur.
755 1452 876 1505 Illic
916 1451 1244 1505 constitutus
1290 1452 1559 1505 honorum
1597 1453 1835 1521 primum
1858 1459 1924 1510 17

154 1526 495 1594 contempsit
529 1527 766 1596 insignia
804 1526 928 1579 illos
968 1544 1122 1578 veros
1161 1525 1394 1578 honores
1426 1530 1640 1596 putanS,
1681 1546 1839 1597 quos-

100 1621 145 1652 20
169 1617 395 1668 cumque
445 1599 523 1652 illi
570 1599 809 1652 divinum
855 1599 1171 1668 prudentiae
1222 1599 1600 1670 magisterium
1655 1604 1842 1654 contu-

167 1672 333 1726 lisset.
391 1672 555 1726 Nulla
592 1674 747 1727 illum
786 1674 1098 1726 divitiarum
1135 1673 1398 1726 desideria
1438 1678 1706 1744 ceperant,
1748 1676 1841 1728 sed

166 1747 264 1799 has
318 1748 549 1816 putabat
600 1766 716 1802 esse
780 1748 1018 1816 divitias,
1065 1747 1286 1831 quibus
1341 1748 1551 1801 animus
1615 1752 1838 1802 ornatus

168 1824 441 1874 auctorem
480 1825 661 1890 posset
700 1821 950 1891 propriae
998 1821 1224 1891 originis
1271 1821 1526 1874 invenire.
1600 1821 1742 1876 Ecce
1782 1823 1840 1874 in
1861 1829 1927 1882 18

168 1895 397 1963 quadam
436 1898 590 1963 parte
629 1895 889 1948 orationis
931 1914 1080 1960 suae,
1121 1895 1261 1948 sicut
1300 1894 1435 1947 mihi
1474 1896 1699 1963 videtur,
1745 1895 1840 1948 im-

99 1989 144 2022 25
168 1967 424 2036 providus
470 1972 524 2021 et
569 1968 837 2037 incautus,
888 1969 997 2021 vim
1043 1968 1227 2021 fatalis
1273 1968 1615 2021 necessitatis
1657 1938 1842 2039 a'dgre-

169 2039 314 2094 ditur
353 2045 407 2095 et
451 2041 694 2096 homines
733 2043 1005 2096 Fortunae
1054 2043 1267 2094 decreta
1313 2045 1614 2094 metuentes
1655 2061 1841 2096 severa

169 2115 429 2168 orationis
478 2116 851 2187 obiurgatione
906 2116 1160 2185 castigat,
1213 2115 1350 2167 nihil
1403 2115 1664 2184 potestati
1717 2117 1841 2169 stel-

166 2189 341 2242 larum
374 2190 631 2259 tribuens,
663 2191 798 2243 nihil
830 2190 1067 2242 fatorum
1097 2189 1512 2242 necessitatibus
1543 2208 1839 2260 reservanS,

168 2264 261 2315 sed
306 2266 484 2316 totum
531 2264 710 2317 dicens
756 2265 812 2316 in
862 2265 1050 2316 nostra
1103 2281 1218 2315 esse
1265 2263 1502 2331 positum
1554 2267 1838 2332 potestate.

96 2358 143 2390 30
164 2335 415 2406 Longum
455 2340 539 2390 est
579 2356 906 2404 enumerare,
960 2336 1087 2405 quid
1134 2337 1197 2388 de
1244 2336 1404 2389 rebus
1445 2335 1674 2407 singulis
1715 2357 1833 2390 sen·
1859 2344 1924 2396 19

168 2411 312 2478 serit,
353 2429 458 2479 qua
497 2429 553 2463 se
593 2413 800 2463 ratione
839 2411 991 2462 fatali
1032 2411 1166 2462 sorti
1202 2411 1544 2479 subtraxerit,
1584 2430 1689 2479 qua
1727 2412 1838 2463 vim

314 2575 337 2613 7
371 2572 515 2626 utque
545 2586 575 2613 v
603 2572 724 2615 wnde
754 2584 836 2614 nos
869 2568 983 2635 (et)
1008 2571 1061 2613 ut
1181 2575 1206 2613 9
1240 2583 1423 2614 exerere
1453 2574 1491 2613 A
1520 2570 1646 2613 haud
1674 2571 1838 2615 scimus

165 2644 229 2673 an
257 2635 370 2674 recte
396 2631 402 2686 Ι
431 2629 695 2688 (Italicae)
727 2628 931 2686 regionis
963 2645 990 2672 κ
1105 2633 1156 2672 11
1192 2629 1433 2695 campanie
1458 2633 1494 2671 V
1524 2635 1635 2673 recte
1666 2635 1717 2672 ut
1746 2630 1834 2673 vid.

166 2693 220 2731 13
254 2687 493 2748 uetatione
523 2693 557 2730 P
649 2693 703 2732 14
734 2686 982 2744 fraglantis
1013 2691 1098 2730 MP
1190 2693 1244 2732 16
1276 2686 1535 2753 ingentium
1565 2693 1835 2743 suspectum3

165 2748 288 2790 Ptin.
322 2751 395 2800 31,
419 2757 440 2788 4
472 2761 706 2813 nusquam
743 2749 901 2789 tamen
938 2745 1112 2803 largius
1152 2761 1292 2802 quam
1329 2761 1377 2790 ln
1408 2745 1585 2788 Baiano
1617 2745 1722 2789 sinu
1760 2748 1836 2802 eft

164 2781 432 2859 Buechelei·;
468 2805 650 2863 ingenti
681 2820 707 2849 σ
849 2809 901 2848 18
932 2804 1152 2864 primum]
1189 2806 1279 2849 PR.
1312 2822 1339 2849 κ
1467 2810 1520 2847 22
1554 2804 1732 2848 animus
1764 2805 1835 2864 A']

165 2863 308 2908 animi
337 2840 467 2912 Μία
586 2870 642 2908 24
673 2862 943 2920 inprouidus
975 2868 1010 2912 Q,
1128 2869 1184 2908 25
1216 2863 1488 2921 aggreditur
1517 2867 1561 2906 u
