2014 3202
809 117 830 160 I
854 121 894 173 7,
919 129 1079 162 34—39.
1709 115 1779 168 29

105 239 220 307 puli
266 238 499 292 Romani
544 236 832 306 (nomine)
881 255 1171 306 prosperae
1226 240 1281 289 et
1329 240 1622 307 perpetuae
1669 236 1782 288 feli-

105 312 286 366 citatis
341 314 576 366 ornatur.
662 310 774 364 Ubi
818 329 962 364 nunc
1016 314 1163 379 sunt,
1227 311 1319 380 qui
1370 314 1574 380 negant
1628 313 1780 364 actus
1800 312 1866 365 37

103 390 323 440 nostros
372 386 653 438 stellarum
692 384 936 438 fortuitis
984 385 1228 437 cursibus
1277 384 1604 454 gubernari?
1681 383 1782 436 Ille

107 460 335 513 crudelis
367 459 773 528 perfidissimuS,
806 477 965 528 quem
997 457 1195 511 scimus
1230 477 1326 527 per
1350 459 1530 511 omnia
1554 457 1782 511 crudeli-

63 555 84 588 5
110 535 240 586 tatis
280 551 477 604 genera
516 535 848 602 grassatum,
900 549 1116 584 securus
1159 532 1340 585 omnia
1377 531 1662 602 dignitatis
1703 549 1784 583 or-

106 610 361 660 namenta
414 606 784 676 consequitur3
838 605 1043 658 Marius
1094 624 1219 658 vero
1274 610 1401 675 post
1446 605 1783 674 triumphum

106 679 402 751 Iugurthae
427 683 832 749 ceterarumque
858 679 1118 750 gentium,
1151 698 1283 749 quas
1314 680 1544 750 subegit,
1573 683 1785 748 postea-

108 773 269 823 quam
315 755 504 807 urbem
551 754 782 807 Romam
830 758 886 807 et
933 755 1166 806 externis
1207 758 1262 806 et
1302 753 1609 807 domesticis
1648 753 1784 822 peri-

108 828 243 882 culis
282 827 547 896 liberavit,
586 832 712 897 post
742 828 1098 896 triumphales
1132 846 1410 896 purpuraS‚
1450 831 1575 896 post
1609 827 1783 896 pictas

42 924 85 956 ιο
109 920 401 971 aureasque
452 902 720 970 palmatas
774 902 963 954 ferreis
1020 901 1309 971 stringitur
1362 902 1590 954 vinculis
1647 904 1786 954 cate-

0 986 13 995 ·
106 995 314 1029 narum.
390 976 531 1029 Ecce
572 976 692 1028 exul
732 975 788 1028 in
835 974 1122 1045 paludibus
1162 974 1627 1028 Minturnensibus
1666 975 1786 1027 lati-

108 1052 214 1119 tat,
260 1068 381 1102 ecce
430 1050 659 1103 carceris
707 1049 1012 1118 sqaloribus
1059 1049 1346 1118 premitur,
1390 1049 1563 1118 videS,
1610 1052 1672 1101 ut
1719 1048 1787 1100 ad

110 1122 437 1192 crepidinem
461 1124 669 1176 dirutae
694 1123 1049 1192 Karthaginis
1074 1122 1336 1193 fugitivus
1364 1122 1617 1176 accedat?
1653 1120 1784 1184 Quis
1804 1124 1871 1177 38

110 1199 240 1250 deus
282 1201 376 1250 aut
414 1198 625 1250 exulem
654 1197 887 1250 Marium
926 1200 1020 1248 aut
1058 1196 1269 1250 felicem
1307 1197 1509 1250 fecerat
1544 1195 1785 1265 Syllam?

47 1291 88 1325 15
111 1270 335 1323 Paullus
375 1271 671 1340 imperator
719 1271 883 1323 militi
928 1269 1103 1323 Mario
1150 1271 1508 1339 promittebat
1545 1268 1787 1339 imperia,

111 1345 324 1414 legatus
351 1342 500 1414 Sylla
523 1343 829 1397 Romanum
854 1345 1136 1397 deserebat
1168 1344 1479 1414 exercitum,
1517 1347 1572 1396 et
1603 1347 1788 1396 tamen

111 1422 303 1486 postea
341 1417 539 1471 iudicio
572 1417 845 1471 Fortunae
884 1418 977 1470 ille
1010 1419 1132 1470 exul
1164 1418 1341 1470 factus
1374 1421 1472 1488 est,
1510 1417 1602 1469 ille
1641 1417 1786 1470 felix,

111 1490 290 1544 Nimis
329 1492 493 1561 longa
533 1491 776 1544 oratione
815 1492 926 1544 vim
963 1491 1449 1560 necessitatemque
1487 1490 1612 1560 fati,
1660 1490 1788 1544 stel-

111 1566 286 1617 larum
311 1565 473 1617 etiam
504 1568 805 1634 potestates
823 1605 835 1617 .
854 1605 867 1617 .
885 1607 895 1618 .
914 1607 924 1617 .
943 1563 1195 1634 Syllanae
1227 1565 1612 1618 dominationis
1643 1565 1790 1617 facta

43 1662 88 1695 πο
111 1639 346 1692 crudelia
377 1639 492 1708 †ad
523 1639 690 1691 istum
723 1657 1026 1692 sermonem
1058 1639 1384 1692 defleVimus,
1448 1638 1630 1708 Scipio
1661 1642 1788 1707 post
1806 1639 1874 1693 39

111 1716 197 1766 tot
228 1712 551 1782 triumphOS,
580 1716 705 1782 post
737 1713 969 1766 deletam
996 1713 1392 1784 Karthaginem
1415 1711 1790 1765 Numantiam-

114 1805 215 1855 que
269 1790 624 1856 prostratam,
677 1789 804 1856 post
857 1790 1204 1858 peragratam
1254 1786 1535 1839 Graeciam
1599 1785 1790 1839 Asiam

43 1868 47 1872 ’
111 1860 428 1928 Bithyniam
461 1858 778 1929 Syriamque
810 1861 1117 1930 lustratam,
1154 1865 1281 1930 post
1314 1861 1614 1914 dictaturae
1653 1861 1790 1912 inre-

112 1933 504 2003 prehensibiles
552 1937 704 1987 actus
750 1935 900 1986 intra
952 1935 1194 2003 privatos
1247 1935 1481 2003 parietes
1537 1934 1789 1986 domesti-

46 2029 90 2065 25
114 2025 299 2061 corum
336 2006 548 2060 insidiis
582 2009 773 2061 acerbo
813 2008 1005 2060 mortis
1038 2009 1280 2062 cruciatu
1313 2011 1368 2060 et
1397 2006 1618 2060 nefariis
1650 2007 1792 2059 fran-

115 2081 359 2152 gentium
404 2081 588 2150 gulam
643 2082 899 2139 manibus
946 2100 1235 2151 oppressus
1288 2082 1503 2150 privata
1557 2081 1791 2150 quodam

266 2201 288 2239 1
321 2194 507 2240 nomine
532 2211 621 2254 pro
651 2196 851 2242 Romani
882 2195 931 2240 A'
1082 2201 1111 2239 4
1142 2196 1344 2253 perfidus
1375 2195 1424 2238 A‘
1475 2195 1674 2240 crudelis
1706 2197 1790 2247 del.

121 2256 308 2310 Usener,
346 2255 403 2310 cf.
428 2259 478 2311 1,
504 2266 558 2300 13.
589 2260 640 2312 4,
664 2268 696 2301 5.
730 2261 773 2313 9,
798 2268 853 2301 16.
884 2260 960 2311 26,
978 2266 1020 2297 16
1049 2256 1221 2299 Archiv
1250 2255 1383 2299 VIH
1399 2258 1492 2300 178
1612 2260 1638 2299 5
1669 2269 1794 2299 cras-

115 2316 270 2358 satum
300 2319 333 2356 P
474 2318 502 2358 6
532 2316 833 2373 tryumphum
863 2320 896 2357 P
1046 2319 1070 2357 7
1103 2313 1322 2372 iugurtae
1378 2315 1384 2373 Ι
1441 2316 1693 2371 postquam
1723 2319 1794 2363 PQ

117 2378 143 2417 9
174 2372 448 2430 tryuphales
470 2378 505 2415 P
597 2379 652 2418 10
684 2376 945 2418 caterarum
970 2377 1005 2422 Q
1097 2378 1148 2417 11
1182 2372 1579 2417 Minturnensibus
1608 2374 1792 2432 Useraer]

14 2455 21 2462 Α
115 2431 320 2476 mittitur
349 2445 434 2475 nec
464 2431 534 2475 ibi
564 2433 711 2490 (sibus
741 2435 796 2490 A)
900 2437 954 2476 13
985 2432 1144 2476 karta-
1174 2437 1219 2475 Π
1259 2434 1407 2476 carta-
1440 2437 1475 2481 Q
1581 2438 1636 2476 14
1667 2432 1794 2476 exul-

117 2490 210 2534 lem
239 2496 272 2534 P
313 2493 320 2548 Ι
361 2489 546 2535 felicem
582 2506 664 2537 om.
699 2497 734 2541 Q
854 2497 908 2535 15
947 2491 1114 2548 paulus
1152 2495 1223 2540 PQ
1351 2496 1405 2535 16
1446 2491 1553 2535 silla
1588 2496 1623 2539 Q
1659 2493 1795 2547 (idem

120 2552 192 2606 19)
235 2550 243 2609 Ι
284 2549 530 2607 imperium
564 2551 816 2595 exercitum
849 2555 883 2598 Q
997 2555 1049 2594 17
1089 2549 1179 2594 iste
1210 2550 1322 2594 felix
1351 2566 1382 2593 v
1495 2555 1548 2594 19
1581 2552 1795 2594 lacunam

95 2610 279 2654 'statuit
315 2610 496 2665 Usener,
525 2626 564 2655 v.
589 2625 629 2667 9.
662 2612 920 2654 tractantes
978 2610 982 2666 Ι
1041 2608 1380 2653 dominationes
1411 2613 1482 2657 PQ
1616 2613 1671 2651 20
1701 2608 1794 2652 isto

119 2680 327 2712 sermone
358 2668 407 2712 A'
561 2674 615 2712 21
648 2669 918 2725 tryumphos
949 2673 982 2710 P
1038 2669 1045 2725 Ι
1118 2668 1325 2712 delatam
1353 2673 1398 2711 Π
1455 2671 1460 2724 Ι
1527 2667 1685 2711 karta-
1714 2671 1795 2710 ΠΡ

120 2729 271 2770 carta-
299 2731 334 2775 Q
423 2732 478 2771 22
511 2731 642 2784 ςὶἶιη
666 2730 714 2786 (i.
733 2743 766 2773 e.
794 2726 1012 2785 gratiam)
1035 2742 1091 2772 ss.
1109 2740 1158 2771 re
1174 2733 1207 2770 P
1235 2728 1240 2786 Ι
1269 2741 1431 2783 asyam
1453 2732 1486 2769 P
1562 2731 1616 2770 23
1638 2726 1796 2782 bythi-

121 2783 249 2828 niam
274 2789 320 2828 Μ
349 2786 603 2831 bithiniam
623 2791 659 2835 Ω
685 2789 694 2854 Ι
719 2799 964 2843 syramque
987 2791 1020 2829 P
1051 2785 1302 2843 siriamque
1328 2791 1363 2834 Ω
1483 2790 1538 2829 24
1568 2784 1692 2828 inter
1715 2789 1751 2833 Q

121 2843 330 2946 pffiaigas
362 2850 419 2888 pa
518 2851 574 2890 25
607 2845 803 2890 insidias
834 2850 891 2887 P¹²
933 2847 939 2902 Ι
976 2844 1187 2890 nefariis:
1221 2844 1331 2889 ariis
1363 2846 1418 2889 ir.
1451 2849 1485 2887 P
1582 2849 1637 2887 26
1669 2858 1762 2900 quo

123 2914 151 2944 a
231 2916 258 2946 o
293 2917 320 2948 o
349 2908 395 2946 Π
