2014 3202
217 104 323 158 232
938 102 1165 147 FIRMICI
1858 86 1901 173 ss

1848 174 1857 198 l

168 227 202 280 3
365 223 416 276 A
461 223 608 276 Iove
664 221 954 276 defluens
1001 222 1193 276 Luna.
1285 221 1341 276 Si
1389 242 1419 276 a
1471 223 1598 277 Iove
1651 224 1791 277 deflu
1833 225 1880 274 ‘s

219 299 373 351 Luna
413 297 479 350 ad
517 296 725 348 nullum
772 295 977 349 feratur
1023 301 1076 349 613
1121 315 1215 365 per
1259 315 1487 350 vacuum
1535 316 1720 351 cursus
1760 238 1908 361 stis'

220 372 435 441 dirigat,
489 370 536 422 si
590 368 662 421 sit
707 368 865 437 plena
912 370 1227 440 luminibUS‚
1282 371 1445 424 faciet
1498 371 1717 424 adsidua
1742 386 1884 438 ,pro-J

219 446 449 498 sectione
479 442 807 512 peregrinOS,
838 461 1097 512 pauperes
1130 447 1183 497 613
1219 445 1311 513 qui
1342 462 1597 512 processu
1627 442 1880 511 temporis

221 519 420 572 omnia¹
446 516 723 570 felicitatis
774 515 1042 585 [tempora
1088 517 1165 587 613]
1215 522 1528 570 ornamenta
1575 517 1881 588 deperdant3
1925 537 1948 572 5
2012 566 2013 572 ,

220 593 267 646 si
313 610 439 646 vero
488 590 559 644 sit
605 590 813 642 minuta
857 589 1173 660 luminibus,
1223 592 1494 660 expositos
1544 589 1779 661 captivos
1827 594 1882 642 et

221 684 449 736 quorum
510 664 623 717 vita
678 663 953 716 servitutis
1009 682 1166 717 onere
1221 665 1568 734 deprimatur.
1628 690 1637 714 υ
1654 663 1882 726 Quidam

219 743 403 864 eruntf
428 737 576 791 vitiis
629 737 1017 790 valitudinibus
1067 737 1354 808 implicati,
1406 739 1542 792 alios
1589 736 1884 808 oligochro·
2010 727 2014 819 j

216 814 335 867 nios
399 813 521 866 acit.
1412 841 1414 843 v
2012 822 2014 849 ²

165 891 202 943 4
364 885 415 939 A
453 885 658 938 Marte
698 884 991 937 defluens
1021 884 1208 938 Luna,
1288 885 1344 938 Si
1383 903 1414 937 a
1444 885 1615 941 Marte
1647 885 1882 937 defluens
1907 906 1954 939 ιο
2011 887 2014 898 ³

219 959 373 1014 Luna
411 960 479 1013 ad
515 959 724 1012 nullum
762 958 982 1027 feratur,
1022 959 1113 1011 sed
1151 978 1246 1028 per
1284 977 1508 1013 vacuum
1540 976 1725 1011 cursus
1758 975 1883 1011 suos

220 1035 419 1105 dirigat
460 1037 513 1086 et
552 1033 624 1086 sit
662 1033 821 1100 plena
866 1031 1183 1102 luminibuS‚
1229 1032 1613 1102 patrimonium
1658 1031 1886 1100 dissipat

222 1113 278 1162 et
314 1110 564 1177 parentes
596 1106 653 1159 in
683 1106 858 1175 primo
892 1106 1087 1159 aetatis
1124 1106 1295 1176 gradu
1325 1106 1539 1176 perimit
1570 1108 1664 1158 aut
1693 1105 1886 1158 vitium

219 1182 329 1235 illis
393 1180 609 1249 aliquod
671 1182 764 1232 aut
817 1180 988 1232 malae
1050 1181 1243 1233 mortis
1299 1180 1583 1233 discrimen
1636 1178 1887 1249 inpingit,

218 1257 366 1325 ipsos
405 1272 531 1308 vero
573 1256 667 1306 aut
700 1272 764 1306 ex
795 1253 921 1306 altis
952 1254 1274 1323 praecipitat
1304 1254 1435 1307 locis
1469 1257 1562 1306 aut
1594 1271 1626 1305 a
1657 1253 1885 1321 quadru-
1909 1274 1954 1308 15

218 1330 444 1399 pedibus
483 1327 720 1398 pericula
759 1330 853 1379 aut
883 1328 1117 1380 maxima
1146 1328 1256 1380 illis
1288 1327 1419 1380 vitia
1448 1327 1533 1380 vel
1563 1326 1886 1380 valitudines

167 1401 484 1472 5decernit‚
535 1402 670 1454 alios
720 1400 852 1454 facit
898 1402 1114 1470 publica
1159 1405 1330 1454 morte
1381 1401 1748 1453 biothanatos,
1830 1397 1888 1451 Si

220 1495 346 1544 vero
386 1475 596 1528 minuta
633 1475 834 1527 lumine
875 1493 906 1526 a
936 1474 1110 1528 Marte
1151 1475 1384 1528 defluens
1418 1475 1484 1527 ad
1513 1473 1721 1526 nullum
1752 1471 1890 1526 fera-'

221 1553 332 1619 tur,
387 1553 480 1602 aut
534 1568 565 1601 a
615 1565 806 1618 genere
854 1566 950 1600 suo
997 1548 1218 1601 alienari
1265 1552 1320 1601 613
1366 1548 1603 1618 separari
1656 1546 1788 1600 facit
1834 1549 1889 1600 613

219 1622 548 1693 patrimonia
601 1639 785 1674 eorum
835 1621 996 1674 variis
1046 1622 1463 1675 lacerationibus
1517 1620 1744 1690 dissipat
1795 1622 1888 1672 aut
1911 1643 1956 1675 20

222 1697 314 1750 dat
351 1696 651 1749 laboriosas
693 1698 857 1764 arteS‚
903 1699 966 1747 ut
1005 1696 1146 1748 circa
1190 1696 1373 1765 ignem
1419 1712 1628 1763 semper
1666 1694 1888 1746 ferrum—

223 1788 325 1840 que
364 1772 659 1838 versentur,
699 1771 792 1820 aut
830 1768 1053 1821 miseros
1093 1768 1292 1821 milites
1332 1768 1477 1820 facit.

171 1846 204 1899 6
372 1844 419 1896 A
472 1841 617 1896 Sole
671 1842 961 1895 defluens
1011 1840 1198 1894 Luna.
1278 1840 1335 1894 Si
1389 1859 1419 1892 a
1477 1839 1599 1894 Sole
1654 1840 1889 1892 defluens

224 1916 377 1970 Luna
416 1916 482 1969 ad
519 1916 730 1968 nullum
766 1914 987 1984 feratur,
1027 1915 1118 1968 sed
1156 1933 1251 1984 per
1285 1933 1511 1968 vacuum
1544 1932 1730 1967 cursus
1763 1931 1889 1966 suos

224 1991 438 2062 dirigat,
476 1989 637 2043 faciet
674 2006 933 2059 pauperes
975 1988 1077 2058 [et]
1115 1988 1355 2042 infelices
1394 1987 1706 2058 peregrinos
1747 2005 1889 2040 erra-
1913 2009 1957 2042 25

223 2064 361 2118 ticos
417 2067 470 2117 et
524 2063 617 2132 qui
672 2062 954 2115 servilibus
1011 2081 1219 2132 semper
1272 2061 1484 2116 actibus
1541 2063 1890 2130 inmorentur,

227 2138 360 2191 alios
403 2138 468 2191 ad
506 2136 683 2190 varios
723 2139 876 2189 actus
925 2135 1253 2189 adfectantes
1263 2178 1277 2204 ,
1323 2134 1428 2205 [in]
1471 2135 1612 2204 quod
1652 2135 1892 2205 adgressi
1983 2152 1988 2155 ·

225 2212 441 2280 fuerint,
479 2211 627 2263 vario
666 2210 799 2263 facit
838 2227 1031 2280 genere
1071 2209 1456 2278 desperationis
1489 2207 1760 2278 omittere3
1800 2208 1892 2261 sed

225 2302 478 2354 processu
527 2283 786 2352 temporis
834 2282 994 2336 huius
1050 2283 1335 2336 infortunii
1389 2281 1698 2336 discrimina
1751 2281 1892 2334 miti-

226 2362 425 2428 gantur
475 2361 528 2409 et
575 2356 940 2425 praesentium
988 2357 1355 2410 calamitatum
1402 2374 1466 2409 ex
1512 2356 1693 2424 aliqua
1737 2357 1889 2424 parte
1913 2376 1958 2408 30

375 2522 397 2560 1
433 2515 480 2559 Si
506 2529 533 2558 a
562 2515 666 2559 Iove
698 2515 739 2558 d.
765 2515 897 2559 Luna
926 2530 1007 2560 om.
1033 2520 1077 2559 M
1110 2515 1138 2559 S
1162 2515 1267 2560 ioue
1290 2521 1323 2558 P
1353 2515 1395 2559 A
1425 2514 1529 2559 ioue
1553 2518 1589 2556 B
1709 2517 1735 2555 3
1768 2512 1890 2556 adsi-

228 2576 322 2619 dua
351 2577 399 2634 u]
432 2589 487 2619 ex
519 2588 603 2617 sua
634 2575 799 2629 (possis
831 2588 886 2618 ex
917 2574 1063 2630 varia)
1213 2580 1238 2619 5
1270 2575 1352 2619 del.
1385 2573 1434 2616 A'
1585 2577 1610 2616 6
1642 2570 1816 2614 1111111116
1845 2576 1891 2614 u

228 2640 251 2678 7
285 2633 602 2691 deprimantur
630 2636 675 2676 u
854 2638 879 2676 8
910 2648 1060 2678 nonne
1100 2633 1227 2677 vitiis
1270 2632 1415 2692 <1161>
1455 2633 1547 2676 sive
1586 2629 1891 2699 valitudinis?

228 2713 282 2752 14
314 2707 526 2766 inpinget
547 2704 651 2749 PbB
773 2710 825 2748 16
857 2706 1066 2762 pericula
1097 2709 1179 2750 aut
1207 2722 1266 2750 m.
1292 2705 1386 2749 illis
1417 2703 1623 2761 pericula
1653 2703 1691 2745 a
1722 2703 1814 2759 (uel
1839 2705 1890 2760 Q.)

227 2767 346 2811 uitia
376 2771 465 2814 HQ
556 2769 610 2809 18
642 2763 844 2807 defluens
876 2764 988 2807 luna
1018 2770 1062 2807 u
1154 2770 1210 2808 20
1242 2761 1623 2820 dissipationibus
1654 2761 1895 2805 laceratu

228 2831 284 2868 24
316 2839 496 2869 currsus
526 2828 571 2867 Μ
669 2827 722 2866 25
757 2824 803 2865 et
832 2823 914 2866 del.
948 2822 995 2865 A'
1091 2828 1144 2867 27
1177 2824 1227 2867 in
1258 2823 1339 2867 del.
1365 2836 1394 2865 v
1424 2821 1474 2863 id
1499 2821 1623 2865 Mue.
1724 2826 1779 2865 28
1810 2833 1893 2863 ua-

227 2883 318 2927 rios
351 2889 428 2926 PR
470 2885 475 2942 Ι
520 2881 779 2937 admittere,
810 2894 920 2925 corr.
953 2897 980 2923 a
1145 2887 1201 2925 30
1231 2878 1610 2938 praesidentium,
1642 2892 1752 2924 corr.
1787 2878 1894 2923 Sittl
