2014 3202
797 139 860 184 IV
886 144 954 196 19,
978 153 1093 184 3—8.
1680 139 1787 191 245

120 280 330 332 semper
380 262 596 332 affectu3
647 263 806 314 erunt
856 278 982 312 sane
1033 260 1229 313 semoti
1278 263 1335 314 et
1384 260 1490 313 sibi
1527 262 1795 330 vacanteS,

118 336 389 389 modicum
436 338 707 389 sumentes
770 333 950 387 cibum
1005 337 1059 386 et
1114 334 1288 386 multa
1338 334 1615 403 potatione
1669 351 1797 404 gau-

119 411 320 464 dentes,
375 409 611 479 Corpore
656 411 814 462 erunt
852 406 1051 460 modici
1088 407 1276 477 pallidi
1309 407 1567 478 languidi,
1598 407 1795 477 frigido

121 484 299 538 ventri
346 487 400 536 et
447 483 539 553 qui
585 482 803 535 adsidue
850 481 1109 535 reiectare
1150 482 1524 535 consueverint
1569 484 1624 534 et
1664 500 1797 551 quos

78 579 98 611 5
124 576 334 626 semper
371 556 641 626 malignus
679 556 875 608 humor
912 555 1176 626 inpugnet
1215 559 1268 608 et
1299 574 1434 625 quos
1474 556 1797 608 intrinsecus

122 632 381 685 collectus
421 631 576 683 dolor
615 630 839 682 adsidua
875 628 1084 682 ratione
1124 630 1427 684 discruciet.
1502 627 1633 682 Vita
1669 646 1797 681 vero

120 723 306 759 eorum
361 704 463 757 erit
518 702 794 756 malitiosa
846 702 1121 756 laboriosa
1171 704 1406 756 sollicita
1453 706 1508 756 et
1557 702 1794 755 adsiduis

121 778 396 832 doloribus
438 778 605 830 animi
642 777 937 847 implicata,
976 777 1118 831 circa
1157 796 1353 846 aquam
1383 777 1470 830 vel
1500 777 1558 829 in
1586 794 1795 845 aquoso

118 853 238 904 loco
276 851 538 905 habentes
577 852 721 904 vitae
755 850 1067 904 subsidium.
1132 851 1337 914 Quodsi
1367 851 1484 919 ipse
1516 850 1795 921 geniturae
1814 849 1847 902 6

54 947 96 980 10
121 926 368 979 dominus
408 925 629 979 effectus
678 929 772 978 aut
816 926 874 977 in
911 925 1071 978 domo
1120 943 1219 978 sua
1257 924 1330 978 sit
1370 928 1464 977 aut
1503 925 1561 976 in
1597 923 1796 977 finibus

121 999 233 1052 suis
290 1003 384 1052 aut
438 1000 495 1051 in
548 1000 707 1052 domo
762 998 907 1051 Iovis
954 999 1038 1051 vel
1092 999 1150 1051 in
1195 999 1394 1051 finibus
1442 998 1554 1050 suis
1601 1001 1697 1050 aut
1742 998 1800 1049 in

120 1073 278 1126 domo
335 1072 477 1126 Solis
540 1075 595 1125 et
656 1073 729 1126 sit
775 1072 966 1125 diurna
1024 1073 1276 1142 genitura
1332 1073 1581 1140 [locum],
1634 1070 1799 1124 faciet

118 1147 176 1199 in
225 1147 340 1199 vita
391 1147 563 1199 claros
614 1150 670 1199 et
717 1145 928 1199 nobiles
980 1149 1035 1199 et
1081 1165 1295 1199 omnem
1342 1145 1662 1199 felicitatem
1699 1163 1798 1214 pro

119 1221 365 1273 locorum
402 1223 674 1289 potestate
715 1220 967 1273 decernit.
1045 1220 1104 1273 Si
1134 1237 1261 1273 vero
1292 1220 1351 1272 in
1372 1219 1566 1272 Martis
1597 1218 1798 1272 finibus

56 1314 97 1347 15
122 1293 286 1346 fuerit
324 1294 408 1347 vel
455 1294 513 1346 in
552 1294 709 1346 domo
748 1293 943 1346 Martis
981 1294 1068 1347 vel
1114 1293 1172 1346 in
1219 1294 1376 1347 domo
1415 1293 1598 1346 Lunae
1636 1292 1802 1344 fuerit

122 1367 397 1436 inventuS‚
458 1367 621 1421 faciet
674 1368 860 1421 tristes
913 1366 1215 1420 laboriosos
1272 1366 1515 1420 sordidos
1568 1366 1801 1419 humiles

120 1441 444 1511 ingloriosos
499 1444 553 1494 et
615 1441 707 1510 qui
761 1441 997 1494 adsiduis
1065 1441 1313 1511 lugubris
1359 1439 1618 1493 tristitiae
1643 1480 1800 1494 .....

122 1513 477 1568 sordidentur.
556 1513 660 1568 Sed
705 1514 836 1568 haec
882 1514 1113 1568 fortiora
1151 1518 1308 1567 erunt
1346 1515 1511 1582 mala,
1550 1514 1597 1566 si
1634 1513 1799 1566 fuerit
1818 1513 1847 1565 7

120 1592 387 1641 nocturna
435 1589 686 1659 genitura
724 1592 778 1641 et
818 1589 865 1641 si
902 1588 1056 1641 Luna
1100 1589 1312 1641 minuta
1362 1587 1658 1641 luminibus
1712 1588 1802 1640 do-

58 1683 100 1715 20
124 1663 351 1715 minium
405 1664 453 1715 ei
507 1662 826 1732 decreverit3
886 1665 1015 1715 tunc
1070 1662 1213 1715 enim
1267 1665 1430 1731 caput
1483 1661 1800 1730 capillorum

123 1736 347 1789 raritate
401 1736 635 1789 denudat
687 1740 783 1789 aut
835 1735 968 1789 facit
1022 1735 1255 1806 turpiter
1308 1735 1517 1806 capillis
1572 1735 1801 1788 defluen-

122 1809 269 1862 tibus
310 1810 489 1863 calvos
530 1813 584 1863 et
630 1827 858 1878 quorum
896 1810 1101 1863 lumina
1140 1810 1434 1879 repentinis
1473 1809 1650 1862 solent
1689 1827 1803 1862 cae-

125 1883 382 1936 citatibus
436 1884 687 1952 impediri
738 1885 825 1937 vel
879 1902 1109 1952 quorum
1168 1883 1375 1936 lumina
1427 1883 1598 1935 aciem
1648 1900 1803 1935 suam

125 1973 189 2008 ex
236 1957 457 2009 adsidua
513 1957 804 2010 suffusione
855 1958 1161 2026 deperdant.
1245 1955 1400 2009 Facit
1446 1955 1612 2008 etiam
1656 1955 1803 2024 pleu-

0 2068 1 2104 ÷
61 2050 102 2083 25
127 2029 367 2082 monicos
398 2029 721 2099 hydropicos
754 2031 1075 2100 podagricos
1100 2030 1326 2083 caducos
1351 2028 1631 2098 spastioOS,
1653 2047 1803 2098 prae·

0 2106 1 2114 ’
128 2103 317 2155 sertim
343 2103 387 2155 si
412 2103 660 2155 dominus
686 2104 905 2156 effectus
931 2103 1212 2173 geniturae
1236 2106 1291 2155 et
1314 2103 1371 2155 in
1392 2102 1500 2155 ista
1523 2103 1803 2173 signorum

125 2177 210 2229 vel
241 2177 478 2245 partium
510 2177 807 2230 deiectione
837 2177 1048 2245 positus
1081 2177 1377 2230 deficientis
1405 2175 1589 2229 Lunae
1619 2177 1799 2229 radios

127 2249 408 2318 exceperit.
501 2249 705 2311 Quodsi
757 2268 879 2302 eum
932 2250 1212 2303 benivolae
1269 2250 1456 2303 stellae
1509 2250 1797 2303 habentem
1817 2249 1848 2302 8

127 2323 425 2375 dominium
464 2323 557 2392 sic,
597 2323 737 2376 sicut
769 2322 1017 2393 diximuS,
1054 2324 1295 2393 positum
1326 2324 1470 2377 bona
1499 2324 1800 2377 radiatione

276 2516 302 2554 2
334 2511 504 2567 cybum
534 2516 568 2553 P
595 2513 600 2569 Ι
627 2510 815 2568 potione
846 2516 890 2554 Π
1024 2517 1051 2555 4
1089 2511 1318 2556 reiactare
1349 2517 1480 2555 uPR
1510 2515 1584 2568 (ac
1613 2525 1669 2556 ex
1699 2510 1800 2568 eie),

129 2583 240 2614 corr.
276 2574 310 2618 Q
348 2571 405 2625 cf.
439 2570 542 2614 VII
565 2571 599 2625 f.
626 2570 806 2615 XCIII
830 2572 910 2615 col.
936 2574 965 2614 4
994 2571 1089 2615 ima
1119 2574 1301 2615 ructare
1333 2588 1360 2615 κ
1480 2576 1506 2614 6
1537 2570 1801 2614 radiatione

129 2629 285 2671 ubPB
383 2634 409 2672 9
440 2643 595 2686 nempe
624 2629 865 2673 habebunt
966 2634 1019 2673 11
1053 2629 1148 2674 suis
1178 2644 1236 2675 sc.
1269 2631 1394 2674 Iovis
1422 2630 1517 2674 nisi
1545 2631 1626 2673 hoe
1652 2630 1804 2685 ipsum

132 2687 238 2732 latet
372 2692 426 2731 12
459 2687 651 2731 diurnae
684 2687 926 2745 geniturae
957 2687 1131 2745 locum,
1163 2704 1275 2734 corr.
1308 2703 1371 2733 κσ
1506 2693 1558 2731 17
1592 2687 1802 2744 tristitia,

130 2758 240 2789 corr
274 2761 363 2801 κσ,·
401 2747 568 2792 excidit
597 2762 635 2791 v.
668 2762 702 2791 c
730 2746 1022 2803 squaloribus
1173 2753 1226 2792 18
1258 2749 1346 2792 hoc
1376 2752 1455 2790 PB
1487 2749 1495 2804 1
1529 2746 1801 2803 fortuniora‚

130 2816 240 2847 corr.
273 2804 321 2847 A'
466 2811 522 2849 20
554 2805 598 2850 ei
627 2807 676 2864 v]
709 2808 755 2849 et
783 2808 788 2862 Ι
817 2805 967 2862 capud
997 2811 1030 2849 P
1178 2812 1235 2851 24
1267 2820 1322 2850 ex
1352 2805 1423 2865 A']
1454 2808 1503 2850 et
1528 2806 1536 2864 Ι
1563 2805 1801 2862 deperdat,

131 2875 242 2906 corr.
266 2862 316 2905 A‘
350 2865 406 2918 cf.
427 2866 544 2909 Ptol.
572 2868 659 2909 38*
674 2868 737 2909 26
827 2868 882 2907 25
913 2865 1183 2921 podacricos
1207 2870 1251 2909 Η
1342 2869 1396 2908 26
1430 2864 1619 2908 effectus
1650 2878 1732 2909 om.
1756 2868 1801 2906 Ι

132 2925 187 2964 27
220 2921 498 2979 deficientes,
530 2937 642 2968 corr.
667 2939 697 2966 v
787 2928 842 2967 28
875 2923 1079 2980 exeperit
1101 2928 1146 2967 u
1243 2930 1298 2968 29
1332 2923 1581 2980 dominum,
1612 2937 1724 2968 corr.
1750 2922 1800 2965 A'
