1992 3198
1659 99 1665 104 ’
1698 134 1786 179 vn

111 262 334 323 apparet,
373 262 432 307 ut
472 259 534 307 ad
573 259 783 307 alteram
812 253 926 322 AB,
968 259 1030 306 ad
1069 259 1279 307 alteram
1311 251 1448 306 GDE
1487 258 1784 323 pertineant,

111 334 317 382 abiectis
347 332 484 382 vitiis
508 332 734 381 codicum
763 332 1100 395 peculiaribus
1131 332 1393 395 utriusque
1426 332 1595 394 stirpis
1619 333 1785 381 arche·

108 410 288 470 typum
334 406 813 471 reconcinnavimus;
860 406 1027 469 stirpis
1069 406 1388 455 Germanicae
1430 399 1575 472 (AB)
1616 408 1785 455 aucto-

108 497 213 529 rem
264 481 435 529 littera
486 481 550 543 Γ,
604 480 772 543 stirpis
824 480 1030 528 Italicae
1078 474 1270 546 (GDE)
1318 480 1488 528 littera
1526 477 1571 527 Δ
1622 480 1784 544 signa-

108 555 294 618 vimus,
345 554 656 618 singulorum
710 554 935 603 codicum
992 554 1227 603 lectiones
1280 554 1377 602 nisi
1426 553 1572 602 certis
1623 554 1786 602 causis

112 628 346 677 commoti
383 643 483 676 non
523 628 799 678 attulimus.
878 627 974 676 Sed
1011 630 1072 675 ut
1107 627 1321 676 firmiore
1366 628 1487 676 haec
1527 643 1675 690 opera
1712 628 1786 675 ni·

108 704 300 750 teretur
356 701 703 766 fundamento,
763 702 1083 765 Germanicae
1135 701 1304 764 stirpis
1358 701 1511 750 etiam
1564 701 1784 765 tertium,

108 775 315 824 Italicae
355 778 592 838 quartum
631 776 849 825 codicem
887 776 1201 824 adscivimus.
1279 775 1408 824 Sunt
1447 778 1616 824 autem
1653 775 1713 823 ii:

256 864 304 911 N
314 881 338 912 e
349 880 420 927 ap
431 865 513 913 oli
523 866 546 911 t
555 881 625 913 an
635 881 670 912 u
679 880 701 912 s
743 864 1071 914 bibliothecae
1114 864 1382 913 nationalis
1420 864 1467 911 V
1483 864 1529 911 A
1564 868 1588 912 1
1599 867 1628 912 7
1663 879 1787 913 saec.

41 979 46 982 .
111 937 203 985 XV
243 941 333 986 aut
369 938 500 988 XVI.
562 938 1034 988 Benevolentissime
1074 938 1288 987 contulit
1324 939 1471 987 H‘olk.

260 1025 300 1074 Ο
310 1043 342 1074 x
352 1042 379 1075 o
390 1027 526 1075 nien
537 1027 618 1075 sis
657 1026 855 1091 collegii
885 1027 1092 1076 Lincoln
1128 1031 1152 1074 1
1165 1029 1190 1074 1
1199 1029 1232 1075 4
1273 1042 1395 1076 saec.
1426 1027 1519 1074 XV
1550 1028 1787 1077 exeuntis,

108 1099 359 1162 Lindsayo
421 1100 626 1150 comiter
685 1101 1017 1150 intercedente
1079 1101 1293 1149 contulit
1350 1101 1523 1150 doctus
1585 1102 1790 1164 quidam

111 1174 318 1238 Anglus.

261 1278 470 1326 Praeter
500 1277 690 1325 codices
723 1277 1024 1326 excussimus
1049 1277 1314 1326 editionem
1338 1277 1624 1341 principem,
1649 1278 1790 1327 cuius

111 1351 163 1398 in
206 1350 303 1399 fine
343 1351 550 1414 legitur:
588 1351 892 1411 Impressum
932 1352 1140 1399 Venetiis
1168 1366 1263 1411 per
1300 1351 1554 1413 Symowem
1582 1354 1790 1412 papien-

113 1439 211 1472 sem
244 1426 423 1472 dictum
455 1425 706 1484 biuilaqua
737 1427 884 1473 1497.
917 1425 994 1473 die
1025 1426 1090 1471 13
1122 1425 1274 1473 Iunii.
1353 1424 1489 1482 Quae
1529 1441 1587 1473 ex
1627 1426 1792 1475 codice

114 1497 284 1560 aliquo
324 1497 595 1546 recentiore
634 1498 900 1562 diligenter
938 1513 1166 1560 expressa
1204 1500 1280 1547 est
1326 1501 1376 1547 et
1423 1499 1798 1548 emendationes

114 1571 337 1620 continet
373 1571 508 1619 haud
549 1572 868 1636 spernendas,
907 1574 968 1620 ut
1004 1572 1163 1636 igitur
1201 1572 1411 1621 discerni
1445 1573 1614 1635 aliquo
1645 1574 1791 1623 modo

114 1647 306 1709 posset,
354 1645 476 1707 quid
521 1661 547 1693 e
588 1646 837 1694 communi
873 1646 1206 1695 recentiorum
1245 1647 1534 1711 archetypo,
1575 1647 1697 1709 quid
1735 1664 1794 1696 ex

113 1718 300 1767 scribae
348 1719 430 1767 vel
468 1719 670 1768 editoris
709 1719 909 1786 ingenio
948 1719 1193 1784 fluxisset,
1239 1716 1288 1768 A
1328 1722 1379 1768 et
1415 1730 1452 1769 V
1490 1721 1793 1770 contulimus

114 1794 165 1841 et
218 1807 511 1841 consensum
563 1793 734 1841 littera
784 1788 849 1840 A'
900 1794 1197 1843 notavimus.
1288 1794 1570 1843 Attulimus
1624 1798 1792 1844 autem

116 1955 220 1988 esse
270 1939 570 1991 viderentur.
647 1941 766 1989 Inde
819 1941 880 1989 ab
930 1941 1076 1990 initio
1126 1941 1242 1990 libri
1292 1942 1456 2005 quinti
1493 1943 1794 2007 paginarum

116 2015 167 2062 et
212 2014 554 2063 columnarum
604 2014 836 2063 editionis
882 2024 919 2063 v
963 2015 1111 2063 initia
1164 2016 1380 2080 margini
1426 2016 1791 2079 adscripsimus,

116 2087 356 2151 Magnum
395 2088 796 2138 emendationum
833 2105 1096 2138 numerum
1134 2089 1275 2138 nobis
1313 2090 1567 2152 praestitit
1597 2091 1676 2139 vel
1706 2106 1793 2152 po-

116 2160 219 2208 tius
264 2161 542 2223 praeripuit
586 2162 791 2227 Aldina,
842 2178 970 2225 quae
1018 2179 1076 2211 ex
1121 2163 1220 2212 alio
1267 2164 1432 2213 codice
1481 2179 1538 2212 ac
1575 2173 1613 2212 V
1651 2164 1793 2212 annis

122 2236 406 2284 1497—99
449 2250 627 2284 excusa
666 2238 752 2285 est.

267 2321 662 2386 Orthographica
715 2341 740 2373 e
792 2324 1006 2374 vetustis
1064 2326 1264 2373 tantum
1319 2325 1570 2375 codicibus
1622 2320 1729 2373 ΜΡ
1746 2320 1793 2373 R

119 2396 428 2445 enotavimus
475 2413 532 2445 ac
577 2414 637 2446 ne
677 2414 735 2446 ex
779 2398 841 2446 iis
881 2398 1081 2460 quidem
1127 2399 1294 2448 omnia
1333 2393 1394 2466 (ti
1424 2402 1481 2456 ci,
1513 2415 1571 2448 ae
1602 2416 1625 2449 e
1657 2393 1703 2465 e)
1744 2402 1795 2448 et

118 2469 171 2516 in
208 2469 368 2531 primo
406 2470 532 2519 libro
571 2472 718 2533 plura
758 2487 910 2534 quam
947 2471 1000 2519 in
1038 2473 1373 2555 sequentibus.
1448 2450 1654 2522 Formas
1693 2489 1794 2521 non

120 2543 428 2592 adsimilatas
477 2545 811 2608 restituimus,
861 2545 1152 2608 ubicunque
1195 2546 1247 2594 in
1296 2563 1396 2595 uno
1450 2564 1508 2595 ex
1546 2547 1622 2594 his
1661 2546 1792 2594 codi-

121 2616 260 2664 cibus
298 2617 636 2666 tradebantur.
714 2619 958 2681 Suppleta
997 2634 1148 2682 supra
1187 2620 1374 2683 scripta
1411 2620 1462 2668 id
1500 2635 1655 2684 genus
1692 2619 1795 2667 alia

122 2705 222 2737 non
245 2690 573 2739 indicavimus
596 2692 692 2739 nisi
722 2692 810 2739 ubi
840 2692 964 2741 utile
988 2692 1333 2742 indicaremus.
1393 2689 1468 2741 M*
1482 2688 1558 2741 Mb
1582 2693 1792 2755 scriptu-

120 2778 224 2826 ras,
273 2757 346 2810 ΜῙ
362 2757 435 2811 M2
478 2780 655 2813 manus
708 2765 923 2827 priorem
977 2768 1028 2815 et
1071 2767 1394 2829 posteriorem
1433 2767 1682 2831 designat,
1729 2781 1791 2816 ss,

124 2851 274 2898 supra
313 2837 523 2902 scripsit,
560 2840 640 2887 im.
672 2839 724 2886 in
763 2839 1000 2904 margine,
1038 2843 1096 2888 ir.
1135 2841 1188 2888 in
1225 2855 1414 2904 rasura,
1453 2856 1528 2888 uv.
1562 2843 1622 2887 ut
1658 2839 1793 2889 vide-

123 2910 220 2957 tur.
296 2910 500 2960 Litteris
538 2930 568 2960 κ
600 2915 650 2960 et
681 2925 711 2959 σ
747 2914 941 2961 nostras
979 2914 1286 2963 coniecturas
1326 2913 1651 2963 distinximus,

1833 420 1894 601 §.²3ae

19 1911 21 1921 ,
114 1866 280 1915 varias
318 1866 555 1915 lectiones
593 1883 693 1916 non
732 1882 921 1932 omnes,
969 1868 1054 1916 sed
1093 1884 1219 1931 quae
1258 1870 1486 1917 vetustae
1524 1869 1604 1918 vel
1641 1869 1794 1917 utiles
1845 1914 1848 1917 .
