2014 3202
215 142 324 193 242
937 141 1163 186 FIRMICI

214 262 354 314 male
393 261 586 329 positis
626 259 743 314 MC.
783 264 838 313 et
876 261 1096 315 anafora
1133 262 1419 331 horoscopi
1466 262 1706 315 omnium
1742 263 1888 316 beni-
1919 319 1922 323 ,

215 335 462 387 volarum
493 334 766 386 stellarum
800 335 1066 403 praesidio
1100 336 1449 404 relinquatur,
1481 335 1669 388 infelix
1691 336 1889 390 misera

216 413 270 461 et
325 408 471 460 omni
527 407 792 460 malorum
854 408 957 460 erit
1010 409 1118 461 ista
1181 410 1431 478 genitura
1485 409 1888 463 continuatione

216 483 481 551 depressa.
531 478 635 533 Sed
659 484 714 533 et
738 480 1011 534 Fortunae
1043 482 1570 535 duodecatemorium
1599 483 1887 554 diligenter

211 555 438 625 inquire,
476 573 543 607 ne
582 557 635 607 te
677 555 1124 623 apotelesmatum
1161 556 1316 608 fallat
1353 556 1598 609 intentio.
1933 577 1954 610 5

535 715 740 769 XVIII.
801 716 898 769 DE
939 716 1127 771 LOCO
1167 716 1563 772 DAEMONIS.

164 826 193 877 1
359 819 565 873 Locum
615 820 888 872 daemonis
934 821 1042 874 ista
1088 821 1297 874 ratione
1345 821 1671 892 colligimus3
1727 838 1887 889 quam

211 894 331 947 ideo
371 893 497 947 huic
535 894 676 946 libro
715 893 1021 962 indidimus,
1062 894 1187 963 quia
1221 893 1364 948 Solis
1396 913 1518 948 eum
1548 896 1728 948 locum
1767 912 1883 947 esse

211 967 532 1020 Abraham
580 966 744 1020 simili
791 967 999 1021 ratione
1048 969 1372 1021 monstravit
1412 972 1466 1021 et
1512 968 1714 1021 inicum
1753 971 1884 1036 erat,

211 1045 273 1094 ut
313 1060 343 1094 a
388 1042 507 1094 loco
547 1038 730 1094 Lunae
773 1039 915 1094 Solis
965 1045 1304 1110 separaretur
1351 1042 1515 1095 locus,
1593 1040 1695 1103 Qui
1733 1042 1882 1094 locus
1909 1063 1954 1095 10

210 1115 311 1168 hac
349 1116 559 1168 ratione
595 1114 893 1185 colligitur:
919 1114 1041 1184 [ut]
1075 1116 1130 1168 in
1164 1116 1353 1168 diurna
1384 1116 1637 1199 genitura
1669 1133 1700 1167 a
1729 1118 1883 1184 parte

213 1186 353 1242 Solis
393 1206 560 1257 usque
601 1189 667 1241 ad
704 1192 917 1257 partem
958 1188 1139 1243 Lunae
1181 1190 1421 1242 omnium
1461 1190 1741 1259 signorum
1781 1188 1885 1241 col-

210 1261 338 1332 ligis
392 1266 574 1332 partes
629 1265 683 1315 et
738 1265 913 1316 totam
965 1263 1104 1316 hanc
1152 1281 1418 1316 summam
1466 1263 1534 1316 ab
1581 1263 1884 1330 horoscopo

210 1336 471 1405 incipiens
525 1354 621 1420 per
676 1336 956 1404 sequentia
1001 1336 1157 1407 signa
1203 1336 1508 1405 distribuis,
1556 1340 1610 1390 et
1655 1336 1713 1388 in
1760 1353 1886 1404 quo-

213 1427 438 1478 cumque
495 1411 649 1480 signo
703 1409 896 1462 ultima
946 1428 1072 1479 pars
1122 1410 1393 1480 ceciderit,
1446 1411 1564 1479 ipsa
1610 1410 1713 1462 tibi
1758 1427 1884 1478 pars
1910 1429 1954 1462 15

212 1484 526 1536 daemonem
566 1485 848 1536 monstrat.
923 1482 987 1536 In
1024 1487 1288 1538 nocturna
1317 1502 1443 1537 vero
1476 1503 1507 1536 a
1530 1483 1684 1536 Luna
1715 1501 1885 1551 usque

213 1557 278 1608 ad
306 1554 487 1609 Solem
527 1555 766 1609 omnium
807 1556 1085 1625 signorum
1126 1557 1337 1628 colligis
1369 1561 1553 1626 partes
1586 1559 1640 1610 et
1673 1574 1886 1609 omnem

213 1630 376 1682 istam
415 1647 681 1682 summam
721 1630 789 1682 ab
829 1630 1132 1699 horoscopo
1173 1630 1434 1700 incipiens
1475 1631 1642 1683 simili
1672 1630 1883 1683 ratione

212 1703 344 1756 totis
385 1702 577 1755 dividis
618 1703 805 1773 signiS,
845 1706 899 1755 et
937 1703 994 1755 in
1034 1721 1368 1772 quocumque
1409 1704 1564 1774 signo
1607 1703 1767 1772 <pars
1806 1703 1884 1754 ul—

211 1777 346 1829 tima
393 1775 666 1843 ceciderit,
721 1776 839 1844 ipsa
877 1775 1017 1845 tibi>
1063 1795 1188 1845 pars
1244 1777 1523 1847 geniturae
1571 1777 1883 1829 daemonem
1910 1799 1955 1830 20

159 1853 494 1905 2monstrat.
570 1849 676 1902 Hic
720 1850 870 1903 locus
916 1853 1141 1902 vocatur
1196 1854 1250 1903 et
1296 1850 1504 1903 animae
1553 1850 1883 1919 substantia3

212 1942 276 1976 ex
327 1923 430 1976 1100
482 1923 602 1975 1000
657 1926 807 1976 actus
863 1923 1142 1992 omnisque
1205 1927 1494 1994 augmenta
1549 1924 1883 1976 substantiae

213 1997 516 2066 quaerimus
545 1997 910 2064 [invenimus],
949 2000 1004 2049 et
1036 1998 1289 2065 ostendit,
1328 1997 1501 2067 qualis
1535 1998 1676 2050 circa
1706 1997 1882 2050 virum

212 2070 452 2123 mulieris
500 2071 572 2123 sit
619 2070 873 2123 adfectus
953 2069 1055 2123 Sed
1103 2074 1157 2124 et
1194 2071 1283 2124 hic
1329 2071 1478 2124 locus
1526 2075 1581 2123 et
1621 2071 1883 2140 quadrata

210 2144 384 2196 latera
436 2144 606 2212 ipsius
659 2144 766 2197 loci
826 2144 1061 2213 patriam
1120 2145 1279 2197 nobis
1338 2143 1624 2197 manifesta
1677 2144 1883 2197 ratione
1909 2166 1953 2199 25

211 2218 559 2270 demonstrat.
636 2216 774 2270 Vide
815 2235 965 2287 erg0,
1012 2218 1191 2271 locum
1241 2218 1383 2271 hunc
1424 2236 1557 2287 quae
1598 2217 1882 2270 malivolae

212 2290 414 2359 stellae,
455 2308 589 2359 quae
628 2291 910 2343 benivolae
949 2291 1256 2361 respiciant,
1297 2295 1351 2344 et
1383 2291 1460 2345 sic
1492 2291 1883 2360 apotelesmata

210 2381 308 2432 pro
350 2363 684 2433 singularum
724 2365 1003 2417 stellarum
1042 2365 1369 2418 testimoniis
1410 2365 1631 2434 explica.

362 2571 382 2608 1
418 2565 622 2609 omnium
652 2567 699 2624 κ]
730 2567 934 2632 nondum
966 2568 1108 2625 (nuda
1132 2570 1173 2625 σ)
1294 2574 1318 2611 3
1351 2568 1440 2612 erit
1469 2567 1562 2611 ista
1592 2566 1663 2624 A‘]
1696 2565 1823 2609 eritis
1851 2581 1878 2610 a

213 2630 236 2667 7
271 2639 412 2680 quam
441 2626 487 2682 a]
520 2637 657 2680 quem
777 2630 801 2667 9
834 2625 1090 2682 inimicum,
1124 2641 1234 2671 corr
1268 2626 1316 2669 A'
1453 2632 1503 2669 11
1538 2626 1620 2669 del.
1654 2641 1680 2667 κ
1709 2625 1713 2682 Ι
1740 2626 1878 2670 ratio-

211 2698 312 2727 nem
342 2685 554 2728 convertit
584 2683 815 2727 Firmicus
845 2687 900 2738 cf
935 2686 1070 2729 Paul.
1095 2686 1134 2729 J
1151 2690 1177 2729 1
1287 2691 1341 2728 14
1373 2687 1420 2728 et
1449 2683 1520 2742 A']
1554 2683 1634 2726 sed
1734 2687 1787 2725 18
1811 2683 1880 2726 in-

213 2741 387 2798 cipiens
418 2747 451 2784 Ρ
488 2741 683 2798 incipies
705 2746 796 2784 MR
918 2748 970 2786 19
1002 2743 1161 2800 totius,
1194 2758 1305 2789 corr.
1330 2743 1436 2788 Sittz
1462 2749 1468 2796 1
1497 2740 1690 2796 diuides⁷
1715 2756 1825 2786 corr.
1851 2759 1879 2786 κ

215 2800 223 2858 l
252 2801 397 2857 suppl.
430 2815 492 2844 κσ
627 2806 679 2843 21
714 2799 915 2865 (actus)
950 2804 996 2845 et
1028 2802 1210 2846 animae
1241 2802 1289 2845 A‘
1411 2805 1465 2844 23
1498 2801 1579 2844 del
1613 2817 1639 2843 κ
1687 2799 1877 2860 <quae>

212 2872 366 2912 quaer.
393 2860 489 2904 Mo
594 2864 649 2902 24
679 2857 925 2902 mulierum
953 2864 997 2902 Μ
1025 2863 1030 2917 Ι
1060 2860 1150 2904 Sed
1181 2862 1247 2919 et]
1279 2860 1358 2904 Set
1387 2864 1431 2902 M
1529 2863 1583 2901 26
1615 2873 1768 2916 nempe
1799 2859 1879 2903 de·

210 2919 473 2961 monstrant
514 2917 719 2974 luidere‚
750 2930 860 2963 corr.
893 2916 941 2960 A'
