2014 3202
165 157 271 210 150
889 157 1117 203 FIRMICI

160 278 323 331 faciet
360 278 589 331 infames
629 282 684 331 et
714 279 771 331 in
801 279 902 348 his,
943 281 1136 348 quibus
1177 279 1456 349 [diximus]
1493 279 1832 349 profitentur,
1918 343 1922 347 ,

161 351 368 403 artibus
402 352 661 405 secundos
702 356 757 404 et
797 353 889 421 qui
919 372 1214 422 numquam
1246 354 1351 406 sibi
1382 353 1653 406 vindicent
1690 353 1832 422 prin-

160 426 399 493 cipatum
445 430 500 478 et
540 426 632 494 qui
674 444 759 478 res
800 445 924 479 suas
969 427 1172 480 alienae
1211 427 1433 479 tuitioni
1472 427 1830 480 committant.

161 498 218 551 Si
263 516 389 551 vero
421 500 514 565 ,sic
559 500 796 567 positam
843 499 1107 553 Venerem
1153 500 1299 554 Mars
1353 501 1485 553 forti
1531 500 1829 554 radiatione
1907 514 1913 525 '

159 573 458 641 respexerit
517 578 610 625 aut
672 573 718 625 si
779 592 901 626 cum
956 574 1075 643 ipsa
1134 574 1320 642 fuerit,
1380 574 1543 627 faciet
1602 573 1841 627 infames.
1875 593 1896 627 5

72 647 144 699 22
161 646 411 699 famosos
492 645 549 699 Si
595 665 721 700 vero
769 647 962 700 mulier
1015 648 1092 700 sic
1140 647 1406 701 Venerem
1450 648 1687 717 positam
1738 648 1830 700 ha-

156 720 356 790 buerit,
410 719 587 789 <erit>
632 720 846 790 impura
898 721 1187 774 libidinosa
1242 725 1296 774 et
1346 722 1413 774 ad
1460 721 1697 774 omnium
1745 740 1830 774 ex-

155 794 336 863 posita
381 794 715 863 voluptatem
765 798 821 847 et
869 795 1166 848 meretricis
1215 813 1425 864 semper
1472 795 1682 848 actibus
1730 795 1828 847 im-

153 868 378 936 plicata,
422 868 556 936 quae
595 871 818 938 propter
854 869 1233 922 necessitatem
1271 868 1414 922 vitae
1453 870 1511 921 in
1549 869 1826 922 meritorio

156 960 213 994 se
253 945 462 994 statuat
499 942 584 994 vel
623 942 805 995 lenoni
842 943 1006 1011 locet3
1047 943 1139 995 sed
1180 942 1282 1012 [et]
1323 942 1613 995 secundum
1653 942 1826 1011 quali-
1850 962 1893 995 10

155 1018 327 1068 tatem
367 1015 834 1084 substantiamque
867 1017 1147 1086 signorum
1185 1017 1242 1068 hi
1275 1020 1427 1069 actus
1458 1014 1823 1084 perficiuntur.

151 1088 218 1142 In
249 1089 492 1142 erraticis
525 1088 669 1142 enim
700 1090 869 1160 signis
912 1093 1006 1142 aut
1041 1090 1098 1141 in
1128 1089 1352 1158 tropicis
1394 1093 1488 1142 aut
1519 1090 1575 1142 in
1608 1088 1826 1142 Saturni

153 1163 401 1216 domibus
443 1166 536 1216 aut
569 1164 869 1232 squamosis
903 1163 1020 1232 <si>
1053 1163 1145 1232 sic,
1183 1167 1245 1215 ut
1276 1163 1522 1231 diximuS,
1559 1162 1826 1216 Venerem

151 1237 235 1290 vir
270 1237 526 1289 habuerit
566 1239 933 1306 constitutam,
972 1237 1189 1290 infamis
1231 1238 1334 1290 erit
1372 1237 1430 1289 in
1459 1237 1732 1291 infinitum
1772 1239 1826 1289 et

153 1311 245 1379 qui
298 1329 383 1363 res
437 1311 656 1380 inpuras
713 1311 1001 1381 multiplici
1054 1313 1264 1364 ratione
1320 1310 1641 1364 committat.
1721 1309 1825 1363 Sed
1848 1331 1891 1365 15

153 1385 231 1438 sic
277 1389 340 1437 ut
386 1384 615 1438 diximus
670 1386 728 1437 in
772 1385 858 1438 his
906 1385 1077 1455 signis
1125 1388 1179 1438 et
1227 1403 1348 1438 cum
1393 1385 1500 1437 ista
1547 1385 1827 1437 stellarum

153 1458 413 1511 societate
469 1458 654 1511 Venus
708 1459 908 1527 posita,
973 1459 1052 1511 ita
1109 1463 1171 1511 ut
1234 1458 1389 1528 [non]
1450 1459 1507 1511 in
1566 1458 1826 1511 feminino

152 1531 309 1600 signo
348 1531 513 1583 fuerit
551 1532 770 1584 inventa
809 1536 863 1584 et
902 1531 1055 1585 Luna
1101 1551 1196 1600 per
1243 1533 1563 1601 quadratum
1609 1533 1692 1584 vel
1731 1549 1828 1601 per

151 1605 475 1657 diametrum
523 1623 763 1658 crescens
811 1605 1014 1658 lumine
1061 1605 1227 1657 simili
1277 1606 1436 1658 modo
1493 1605 1657 1658 etiam
1707 1605 1826 1673 ipsa

150 1678 209 1731 in
241 1677 497 1731 feminino
531 1679 686 1748 signo
720 1681 1018 1731 constituta
1050 1678 1282 1730 Martem
1314 1678 1624 1747 respexerit,
1662 1678 1825 1731 faciet
1849 1699 1893 1731 20

151 1752 423 1805 eunuchos
465 1756 559 1804 aut
597 1752 837 1805 abscisos
878 1751 1202 1821 archigallos
1253 1755 1347 1804 aut
1393 1752 1825 1820 hermafroditOS,

151 1828 207 1878 et
247 1827 339 1894 qui
379 1844 588 1894 semper
618 1826 751 1878 haec
784 1829 954 1896 agunt
986 1829 1040 1878 et
1071 1826 1362 1894 patientur,
1403 1844 1539 1894 quae
1572 1825 1823 1877 mulieres

150 1899 267 1968 pati
322 1903 710 1953 consueverunt
771 1900 1132 1969 praeposteris
1193 1899 1480 1951 libidinum
1541 1899 1823 1952 ardoribus

153 1973 407 2043 agitatae.

65 2045 135 2098 23
299 2045 366 2099 In
404 2047 683 2099 undecimo
715 2047 834 2100 loco
859 2045 1043 2099 Venus
1083 2046 1151 2098 ab
1189 2045 1490 2115 horoscopo
1531 2045 1827 2099 constituta
1849 2066 1918 2100 25·

152 2120 200 2173 si
245 2121 552 2189 vespertina
597 2119 761 2173 fuerit
815 2123 870 2172 et
917 2137 1035 2172 eam
1090 2120 1167 2173 sic
1215 2120 1532 2173 collocatam
1578 2119 1724 2172 Mars
1771 2123 1827 2172 et

302 2298 325 2335 1
359 2294 441 2338 del.
482 2308 512 2335 v
560 2294 566 2351 Ι
614 2293 875 2350 profitetur,
917 2307 1029 2338 corr.
1065 2293 1197 2349 Sittl;
1242 2308 1306 2338 an
1351 2292 1549 2336 diximus
1587 2291 1826 2349 profiteri?

153 2357 180 2395 2
211 2351 526 2408 principatum
562 2353 631 2410 et]
670 2354 718 2395 et
753 2351 1069 2409 principatum
1109 2355 1175 2410 (et
1212 2366 1294 2397 om.
1319 2354 1374 2410 V)
1505 2357 1531 2394 3
1565 2350 1827 2395 committat

153 2414 287 2453 MPB.
378 2416 403 2454 6
435 2409 665 2466 muliereS‚
696 2424 810 2455 corr.
842 2427 869 2454 a
896 2413 902 2468 1
929 2411 1179 2455 habuerint
1208 2415 1332 2454 PRV
1439 2415 1463 2453 7
1496 2409 1586 2455 erit
1615 2411 1720 2454 add.
1754 2426 1781 2452 a
1813 2409 1822 2475 j

154 2468 311 2512 omnia
341 2474 374 2511 P
465 2474 490 2512 8
523 2468 827 2525 uoluntatem,
860 2483 971 2514 corr.
1004 2487 1031 2514 κ
1059 2471 1065 2527 Ι
1091 2469 1365 2513 meretriciis
1396 2469 1494 2517 A'Q
1586 2473 1640 2512 10
1669 2468 1826 2512 lenoni

151 2527 277 2571 locet
308 2529 360 2586 Q]
399 2527 565 2571 lenone
603 2530 741 2571 nocet
782 2533 826 2570 M
863 2528 1020 2572 lenoni
1055 2530 1193 2572 nocet
1231 2533 1310 2570 PR
1347 2527 1511 2571 lenone
1548 2529 1715 2570 noceat
1744 2532 1781 2569 V
1811 2527 1823 2600 J

154 2589 203 2630 et
231 2587 316 2631 del.
348 2604 377 2630 κ
512 2591 564 2629 11
597 2585 666 2629 hii
695 2591 729 2628 P
865 2592 918 2631 13
953 2587 1071 2647 <in>
1105 2586 1361 2643 squamosis
1393 2585 1442 2628 A'
1501 2587 1507 2642 1
1565 2584 1606 2628 si
1635 2586 1740 2629 add.
1773 2590 1811 2628 A

154 2647 277 2701 (post
306 2645 548 2702 Venerem)
598 2646 604 2702 Ι
653 2657 799 2688 uenus
824 2672 879 2678 -—
906 2651 962 2690 14
994 2645 1248 2690 constituta
1277 2649 1367 2687 MV
1497 2648 1551 2686 14
1580 2643 1824 2701 infinitam,

154 2717 268 2748 corr.
299 2703 349 2746 A'
503 2709 555 2748 15
588 2703 848 2759 multiplica
878 2709 968 2747 MV
1118 2709 1171 2748 17
1215 2702 1438 2747 societate
1476 2703 1534 2768 V]
1574 2701 1747 2745 sotiata
1782 2708 1826 2746 M

155 2762 336 2806 saciata
365 2768 399 2805 P
431 2762 609 2806 sociata
638 2767 677 2804 B.
730 2763 736 2819 Ι
794 2776 887 2805 non
917 2764 1002 2807 del.
1035 2780 1062 2806 a
1115 2764 1120 2821 Ι
1175 2763 1278 2818 fort.
1311 2761 1466 2817 posita
1496 2761 1585 2818 [lta
1615 2763 1668 2804 ut
1697 2763 1824 2820 non]‚

155 2821 265 2879 (si)
297 2821 346 2864 in
454 2827 506 2866 18
539 2821 771 2875 inuentmz,
803 2835 914 2865 corr.
941 2821 989 2864 A‘
1097 2826 1150 2865 19
1182 2819 1360 2875 lumini,
1391 2833 1503 2864 corr.
1535 2818 1585 2861 A'
1690 2825 1745 2863 22
1778 2823 1826 2864 et

155 2879 237 2933 qui
275 2893 455 2936 semper
490 2881 688 2938 geminat
717 2884 755 2921 V
906 2884 962 2923 24
994 2880 1202 2938 agitatae
1233 2880 1277 2938 σ]
1317 2878 1490 2922 citatae
1527 2881 1826 2934 expectaveris

156 2939 458 2983 masculinum
576 2944 631 2982 26
664 2937 749 2996 sic]
783 2937 822 2980 si
851 2942 895 2979 M
