2014 3202
215 127 324 182 252
940 125 1167 171 FIRMICI

215 248 379 301 fuerit
418 247 653 300 dominia
695 246 936 315 8011111118,-
974 246 1058 300 vel
1097 247 1152 299 in
1190 244 1386 298 finibus
1420 245 1530 298 suis
1563 245 1647 299 vel
1678 245 1735 299 111
1766 246 1915 309 alti->

216 321 399 374 tudine
446 339 542 373 sua
579 321 664 373 vel
709 321 767 372 111
813 320 970 373 domo
1014 319 1239 373 Veneris
1288 322 1342 371 et
1382 337 1438 371 se
1478 319 1578 372 sub
1618 319 1887 389 trigonica

216 394 514 447 radiatione
546 393 875 458 formaverit,
905 393 1069 447 faciet
1098 396 1286 462 poetas
1321 395 1576 459 oratores,
1609 392 1888 446 affluentia

129 468 199 523 25
218 468 360 539 grati
393 468 654 520 sermonis
688 470 923 520 ornatos·
984 466 1048 519 In
1078 466 1262 520 Lunae
1293 484 1419 519 vero
1451 466 1610 520 domo
1645 467 1691 519 si
1721 466 1887 521 fuerit

214 537 479 609 inventuS‚
503 540 665 594 faciet
688 540 962 608 facundOS,
985 540 1077 593 sed
1103 558 1331 608 quorum
1363 558 1538 593 sermo
1564 540 1678 593 sine
1710 539 1888 610 gratia

215 615 535 685 proferatur.
613 613 670 667 Si
715 632 843 667 vero
891 614 949 666 in
989 612 1207 666 Saturni
1253 615 1411 667 domo
1457 614 1540 666 vel
1587 615 1644 666 in
1688 613 1886 668 finibus

217 689 330 742 eius
377 688 543 741 fuerit
588 688 837 741 inventus
886 690 940 740 et
983 686 1230 756 Iuppiter
1268 706 1391 741 eum
1430 692 1485 741 et
1523 687 1706 740 Venus
1746 689 1888 741 bona

217 762 515 815 radiatione
553 761 848 830 respiciant
886 764 942 813 et
981 763 1075 814 aut
1113 761 1230 830 ipse
1269 762 1342 814 sit
1380 762 1437 814 in
1468 761 1747 831 geniturae
1780 779 1890 815 car-

217 835 430 888 dinibus
470 839 565 889 aut
595 835 839 904 Iuppiter
871 835 1104 903 aliquem
1136 833 1415 904 geniturae
1447 835 1746 904 possederit
1777 853 1889 888 car-

218 909 396 962 dinem
434 909 518 962 vel
566 910 624 962 in
669 908 833 962 tertio
882 910 948 961 ab
995 908 1296 976 horoscopo
1342 908 1462 961 loco
1502 908 1688 977 fuerit,
1726 908 1889 962 faciet

219 983 540 1052 quibusdam
572 982 927 1052 religionibus
962 982 1170 1035 deditos
1197 985 1250 1034 et
1282 985 1608 1035 secretarum
1635 1000 1695 1035 ac
1721 982 1891 1052 magi-

219 1075 404 1111 carum
444 1057 643 1109 artium
676 1056 921 1125 scientes,
960 1055 1372 1109 mathematicos
1405 1056 1711 1125 astrologos
1735 1055 1892 1109 haru-

220 1131 392 1200 spices
433 1133 487 1183 et
527 1131 666 1199 [qui]
709 1130 949 1182 omnium
987 1129 1313 1199 religionum
1345 1133 1400 1182 et
1432 1129 1566 1182 caeli
1603 1128 1773 1197 ipsius
1814 1146 1892 1182 se-

220 1208 367 1257 creta
414 1208 730 1273 quaerentes
780 1207 834 1256 et
881 1202 1076 1273 quibus
1123 1203 1457 1272 legationum
1497 1203 1780 1256 credantur
1818 1201 1894 1256 of-

218 1277 356 1346 ficia,
395 1281 637 1330 amantes
678 1277 874 1330 fratres
915 1281 970 1330 et
1010 1277 1102 1346 qui
1142 1277 1362 1346 cupiant
1393 1277 1593 1330 adfines
1627 1295 1753 1329 suos
1784 1276 1892 1330 fido

218 1351 632 1405 necessitudinis
673 1351 873 1404 auxilio
911 1355 1198 1421 protegere
1239 1354 1294 1403 et
1334 1351 1426 1419 qui
1464 1351 1582 1403 iura
1621 1350 1891 1412 amicitiae

221 1426 507 1478 artissimis
546 1425 775 1478 vinculis
815 1425 1143 1494 astringant,
1188 1423 1360 1477 iustos
1406 1423 1691 1494 religiosos
1731 1426 1785 1477 et
1823 1424 1890 1476 ab

222 1499 368 1551 omni
412 1498 741 1567 profusionis
788 1499 908 1551 labe
958 1499 1225 1568 sepositos
1273 1502 1328 1551 et
1367 1497 1460 1566 qui
1498 1497 1642 1550 firmi
1681 1497 1892 1551 consilii

133 1573 202 1625 26
221 1571 428 1624 ratione
469 1575 661 1624 cuncta
691 1572 988 1639 perficiant.
1059 1571 1117 1625 Si
1147 1590 1273 1625 vero
1298 1571 1446 1624 Mars
1479 1590 1535 1624 se
1568 1572 1618 1624 ei
1650 1571 1894 1640 qualibet

221 1644 573 1714 applicaverit
611 1645 818 1697 ratione
857 1646 942 1697 vel
975 1645 1021 1697 si
1054 1664 1175 1698 eum
1206 1646 1269 1698 de
1303 1646 1566 1714 quadrato
1599 1644 1893 1713 respexerit

220 1722 274 1771 et
313 1718 386 1771 sit
423 1717 721 1771 Mercurius
767 1719 825 1770 in
861 1719 1025 1771 tertio
1066 1719 1343 1787 geniturae
1389 1718 1509 1771 loco
1548 1718 1605 1770 in
1642 1717 1891 1770 humanis

219 1792 304 1844 vel
343 1792 619 1845 vocalibus
668 1792 838 1862 signis
876 1791 1022 1844 Iovis
1062 1791 1388 1844 testimoniis
1437 1791 1727 1844 adornatus
1765 1790 1892 1844 Iove

220 1865 278 1917 in
321 1865 624 1934 horoscopo
663 1866 748 1917 vel
794 1865 852 1917 in
889 1864 1006 1918 MC.
1043 1865 1314 1934 partiliter
1360 1865 1681 1933 constitutO,
1729 1864 1893 1918 faciet

222 1939 511 1992 advocatos
551 1942 815 2005 oratores,
862 1957 1092 2022 quorum
1129 1939 1407 2008 ingenium
1445 1938 1647 1991 invicta
1684 1937 1893 2008 fulgeat

1914 929 1955 961 10

1917 1296 1959 1329 15

1917 1666 1960 1698 20

221 2012 440 2065 licentia
486 2013 798 2081 potestatis,
846 2016 900 2065 et
940 2012 1116 2065 omnia
1163 2030 1284 2064 eum
1330 2011 1462 2065 facit
1500 2011 1731 2080 propriis
1770 2011 1891 2065 viri-
1917 2032 1960 2065 25

134 2089 201 2140 27
220 2087 322 2138 bus
363 2086 622 2155 optinere.
700 2085 758 2139 Si
796 2104 923 2139 vero
958 2085 1220 2139 Saturnus
1259 2086 1423 2138 istam
1455 2085 1894 2138 commixtionem

220 2160 277 2212 in
317 2160 600 2228 oportunis
640 2160 921 2230 geniturae
958 2160 1092 2212 locis
1123 2160 1335 2228 positus
1367 2160 1425 2211 111
1454 2162 1717 2212 nocturna
1748 2159 1893 2229 geni-

221 2236 346 2285 tura
391 2234 710 2302 respexerit,
764 2233 927 2286 faciet
972 2233 1196 2285 insidias
1242 2232 1480 2301 pericula
1526 2233 1892 2286 accusationes

221 2306 531 2359 discrimina
599 2311 653 2359 et
720 2306 998 2375 popularis
1071 2307 1302 2359 invidiae
1372 2307 1573 2359 crimen
1641 2305 1893 2359 adnectit.

223 2378 424 2441 Quodsi
465 2379 540 2432 sic
582 2378 812 2432 Saturno
861 2380 1178 2449 respiciente
1217 2380 1362 2432 Mars
1402 2380 1458 2432 in
1498 2397 1688 2432 occasu
1726 2379 1890 2431 fuerit
1915 2400 1958 2432 3⁰

371 2559 393 2596 1
429 2552 616 2596 domina
638 2557 670 2595 P
778 2558 802 2595 2
836 2567 883 2597 se
907 2554 954 2611 κ]
987 2553 1025 2596 81
1057 2567 1120 2596 an
1151 2555 1197 2597 et
1228 2567 1275 2596 se
1306 2552 1425 2597 Iovis
1448 2555 1481 2596 t.
1507 2567 1539 2596 r.
1568 2550 1891 2595 adornaverit?

224 2616 250 2654 3
283 2611 505 2655 afluentia
527 2616 564 2654 R
668 2616 696 2654 4
728 2611 930 2664 dominio
954 2617 999 2654 Μ
1037 2611 1223 2655 domino
1246 2617 1338 2667 PR,
1371 2625 1481 2656 corr.
1507 2610 1556 2653 A'
1686 2613 1711 2651 5
1744 2622 1891 2653 sermo

225 2670 323 2714 sine
348 2672 391 2729 6]
417 2683 624 2714 sermone
709 2675 732 2712 7
766 2683 870 2713 811111
891 2658 1018 2728 Sittl]
1043 2685 1147 2714 cum
1170 2683 1223 2714 eo
1307 2648 1338 2714 8'
1367 2669 1428 2713 sit
1458 2683 1540 2713 om
1564 2673 1608 2711 M
1692 2672 1743 2710 11
1776 2667 1892 2710 mai-

225 2734 430 2772 carumP
493 2734 546 2772 12
570 2727 850 2785 magesticos
872 2729 1286 2773 mathematicosu
1358 2733 1413 2772 13
1437 2729 1518 2772 del.
1544 2727 1650 2771 Sittz
1711 2731 1764 2769 18
1788 2740 1893 2783 pro-

223 2787 418 2843 fusione,
451 2802 562 2832 corr.
588 2787 636 2830 A'
760 2791 814 2829 19
846 2787 1056 2842 perficiat
1085 2793 1199 2830 MRa
1318 2792 1370 2829 21
1405 2785 1444 2828 si
1466 2789 1546 2828 PB.
1572 2791 1579 2837 Ι
1612 2785 1892 2828 humanibus

226 2850 280 2888 22
303 2846 493 2890 fim’bue
520 2845 762 2891 uocalibus
792 2849 837 2887 Π
958 2850 1011 2887 25
1043 2848 1300 2902 potestates
1330 2849 1442 2887 ΗΒΕ·
1470 2845 1475 2901 Ι
1502 2843 1616 2886 uiris
1647 2848 1760 2885 ΗΒΕ*

228 2908 282 2945 26
315 2904 406 2947 ista
438 2904 774 2959 commixtione,
807 2917 918 2947 corr.
944 2903 991 2945 A'
1115 2909 1169 2947 29
1203 2904 1394 2961 crimen]
1428 2902 1674 2946 discrimen
1706 2916 1731 2945 σ
