2014 3202
831 126 896 171 IV
921 131 989 183 16,
1014 139 1127 171 1—7.
1712 126 1821 178 235

150 249 421 302 adornata.
477 247 580 301 Sed
612 251 666 301 et
697 248 754 300 in
786 251 975 300 octavo
1008 246 1288 316 geniturae
1321 247 1437 300 loco
1469 246 1526 299 in
1556 250 1822 299 nocturna

150 323 400 391 genitura
438 325 492 375 et
530 322 587 374 in
625 321 710 374 his
749 321 806 373 in
845 321 1039 390 quibus
1080 321 1278 390 gaudet
1325 320 1494 391 signis
1535 323 1822 373 consecuta

147 395 292 448 Iovis
323 396 408 448 vel
433 395 660 448 Veneris
690 394 1063 447 testimonium
1100 393 1390 447 maximam
1430 395 1667 447 decernit
1705 393 1820 447 feli-

149 469 382 523 citatem.
460 467 856 537 Quemcumque
895 469 1078 537 itaque
1108 468 1287 521 locum
1318 468 1552 521 volueris
1585 468 1642 520 in
1674 467 1819 538 geni·
1858 467 1894 519 4

94 564 125 598 '5
148 546 271 595 tura
301 546 550 611 tractare,
589 545 682 595 aut
712 546 936 595 naturae
970 545 1063 594 aut
1101 542 1556 595 nutrimentorum
1595 545 1690 594 aut
1728 558 1819 611 ge-

147 617 290 669 neris
338 619 432 669 aut
477 620 761 685 parentum
812 620 906 668 aut
951 615 1183 668 fratrum
1230 619 1324 668 aut
1367 616 1679 684 nuptiarum
1726 617 1821 667 aut

146 689 346 742 sobolis
393 693 486 743 aut
532 694 831 742 extremum
877 690 1018 742 diem
1063 690 1228 758 vitae,
1282 688 1570 759 diligenter
1614 688 1819 758 inspice

146 781 359 816 cursum
399 764 802 816 coniunctiones
843 763 1296 832 defluctionesque
1337 762 1543 833 Lunae,
1581 762 1817 832 longitu-

144 837 293 890 dines
333 837 646 890 altitudines
695 841 749 890 et
796 838 887 906 qui
927 837 1331 890 coniunctiones
1380 837 1494 889 eius
1535 837 1820 906 excipiant.

17 923 26 928 ’
77 933 121 965 10
146 908 396 979 Spectare
447 911 631 980 itaque
685 911 744 963 in
797 911 944 964 omni
997 911 1246 980 genitura
1291 910 1567 979 debemuS,
1612 929 1680 962 ne
1722 908 1816 962 Sol
1855 909 1890 962 5

145 985 577 1037 coniunctionem
600 983 782 1037 Lunae
822 985 889 1037 ad
928 1002 984 1037 se
1015 984 1278 1037 venientis
1313 985 1565 1053 excipiat3
1603 986 1818 1052 postea-

145 1076 306 1126 quam
353 1059 495 1110 em‘m
542 1059 604 1110 de
659 1058 921 1111 diametro
972 1057 1114 1111 Solis
1160 1058 1410 1111 recedens
1464 1058 1685 1110 luminis
1734 1057 1819 1109 sui

144 1131 381 1200 coeperit
413 1132 606 1184 damna
638 1132 836 1184 sentire
867 1131 934 1184 ad
967 1132 1231 1201 synodum
1262 1131 1540 1215 festinans,
1574 1131 1819 1200 qualibet

142 1205 361 1258 luminis
402 1205 486 1258 sui
517 1205 839 1275 figuratione
870 1223 968 1274 pro
1001 1223 1252 1258 mensura
1280 1205 1700 1274 uniuscuiusque
1733 1205 1818 1257 de-

78 1301 120 1334 15
146 1279 316 1331 cernit
370 1279 608 1332 exitium.
686 1277 742 1332 Si
790 1279 932 1331 enim
984 1279 1143 1332 fortis
1194 1279 1307 1331 eius
1362 1279 1591 1331 radiatio
1637 1278 1818 1346 fuerit,

144 1352 308 1405 fortia
347 1353 490 1405 mala
528 1357 583 1405 et
621 1370 943 1423 magnorum
981 1352 1405 1405 infortuniorum
1442 1351 1538 1422 [ei]
1579 1320 1818 1405 decernit

143 1426 331 1495 exitia3
386 1425 433 1478 si
478 1426 653 1479 media
704 1426 870 1479 fuerit
917 1425 1024 1495 [vel
1070 1426 1186 1495 fiet]
1242 1426 1497 1494 radiatio,
1551 1426 1820 1478 malorum

141 1503 474 1568 temperatur
512 1499 750 1553 exitium.
829 1499 886 1553 Si
917 1518 1043 1553 vero
1076 1500 1326 1552 deficiens
1360 1500 1426 1552 ad
1457 1499 1606 1568 ipsos
1637 1498 1816 1551 radios
1858 1499 1890 1551 6

147 1571 288 1626 Solis
329 1574 617 1626 accesserit
655 1577 710 1627 et
748 1574 853 1643 ipsi
903 1573 1023 1627 orbi
1062 1573 1176 1626 eius
1218 1573 1612 1642 quodammodo
1652 1573 1820 1642 gluti-

77 1669 120 1701 20
142 1650 271 1699 nata
307 1646 472 1699 fuerit
502 1648 626 1716 (et)
657 1665 723 1700 ex
746 1651 968 1717 aspectu
990 1647 1272 1700 hominum
1296 1650 1454 1716 rapta
1476 1665 1586 1699 non
1616 1649 1820 1716 pareat,

142 1724 270 1774 tunc
308 1721 619 1790 potentiora
657 1721 820 1788 mala,
866 1724 995 1774 tunc
1042 1721 1283 1774 omnium
1321 1720 1695 1774 calamitatum
1734 1721 1820 1773 de-

142 1794 312 1847 cernit
351 1794 576 1847 exitium
623 1795 914 1848 secundum
958 1794 1090 1848 haec
1134 1794 1548 1864 apotelesmata,
1588 1812 1723 1863 quae
1761 1794 1820 1846 in

140 1868 480 1936 praecedenti
524 1868 684 1921 huius
730 1869 858 1921 libri
901 1872 1054 1938 parte
1094 1868 1440 1938 signavimus.
1521 1866 1579 1920 Si
1617 1885 1742 1920 vero
1783 1885 1816 1919 a
1857 1870 1886 1921 7

143 1941 610 1994 coniunctionibus
659 1941 801 1995 Solis
849 1942 1080 1995 liberata
1125 1960 1221 2010 per
1268 1941 1409 1994 diem
1457 1939 1690 1994 Saturno
1731 1941 1818 1993 ad-

11 2053 18 2059 ·
79 2035 121 2068 25
146 2014 294 2067 denti
340 2013 407 2066 ad
453 2033 656 2081 cursus¹
691 2033 816 2068 suos
862 2033 1115 2068 numeros
1164 2033 1219 2067 se
1266 2014 1420 2066 Luna
1466 2014 1820 2084 coniunxerit,

144 2105 462 2157 magnorum
493 2088 761 2141 bonorum
791 2089 881 2156 <et
912 2106 1137 2158 magnae
1169 2087 1447 2140 felicitatis
1483 2088 1819 2140 incrementa

144 2160 396 2214 decernit.
473 2158 575 2213 Sed
629 2164 684 2213 et
739 2162 786 2214 si
838 2161 956 2214 Iovi
1011 2179 1067 2214 se
1122 2160 1287 2214 simili
1340 2159 1639 2214 radiatione
1697 2179 1820 2215 con-

292 2324 317 2362 2
351 2322 601 2363 consecuta
622 2320 670 2385 κ]
704 2319 825 2364 sicut
928 2325 957 2363 4
988 2319 1147 2375 itaque
1172 2321 1271 2378 QA]
1302 2319 1463 2375 itaque
1486 2319 1557 2364 ita
1587 2321 1639 2364 in
1661 2321 1694 2374 f.
1722 2321 1748 2364 l.
1774 2325 1819 2363 H

143 2378 214 2422 ita
245 2383 323 2421 PR
459 2383 482 2421 7
517 2378 690 2421 subohs
721 2380 797 2435 ΠΙ
832 2378 1126 2435 inspicerent,
1157 2393 1268 2424 corr
1294 2378 1342 2421 A'
1481 2384 1506 2422 9
1540 2378 1749 2435 exipiant
1777 2383 1822 2421 Π

146 2442 201 2481 10
234 2439 491 2494 expectare,
523 2450 634 2481 corr.
659 2454 713 2491 κ,·
743 2440 962 2503 exoptare
994 2452 1019 2481 σ
1049 2439 1101 2482 cl.
1124 2442 1291 2492 236,17
1390 2443 1442 2482 11
1476 2438 1633 2481 Lunae
1663 2438 1711 2495 v]
1743 2450 1822 2494 ge-

142 2496 297 2556 niture
326 2498 331 2552 Ι
360 2495 536 2552 exipiat
558 2500 602 2538 H
629 2497 634 2553 Ι
661 2498 825 2552 postea
855 2495 977 2539 enim
1009 2510 1150 2552 quam
1171 2501 1216 2539 Π
1343 2501 1396 2539 12
1428 2496 1681 2540 luminibus
1713 2495 1822 2551 suis,

144 2569 257 2600 corr
281 2573 309 2599 κ
414 2560 466 2597 13
500 2554 713 2598 sinodum
812 2560 866 2598 14
900 2554 971 2608 sui
1000 2558 1132 2612 parte
1162 2555 1350 2599 luminis
1380 2560 1425 2597 Π
1524 2560 1577 2598 15
1611 2554 1755 2598 exitia
1776 2558 1822 2597 Π

150 2614 157 2672 Ι
192 2613 334 2672 enim]
366 2613 522 2657 media
551 2613 693 2657 fuerit
723 2612 762 2656 si
792 2618 837 2656 Π
928 2619 982 2657 16
1013 2615 1096 2658 del.
1121 2632 1150 2659 κ
1241 2619 1293 2658 17
1327 2615 1410 2658 del.
1435 2613 1483 2656 A'
1514 2617 1520 2670 Ι
1547 2613 1654 2657 mal.
1687 2614 1754 2657 bis
1775 2617 1821 2656 Π

149 2676 204 2715 18
228 2675 533 2729 comparatur,
557 2686 669 2716 corr.
687 2671 735 2714 A'
831 2677 884 2716 19
908 2672 1086 2745 ipsiA‘]
1111 2673 1211 2730 ipso
1239 2675 1245 2729 Ι
1274 2672 1411 2727 orbis,
1436 2686 1547 2716 corr.
1572 2687 1603 2714 v
1692 2676 1748 2715 20
1773 2673 1822 2716 et

141 2744 229 2786 pro
259 2745 316 2775 ex
346 2730 394 2774 A‘
533 2736 586 2774 21
620 2730 824 2775 omnium
856 2730 969 2790 QA']
1008 2731 1164 2776 omnia
1194 2732 1291 2775 uim
1421 2735 1477 2773 24
1518 2730 1716 2774 Saturno
1747 2729 1819 2789 A']

149 2791 363 2833 saturnus
387 2794 432 2833 Μ
464 2792 704 2834 saturnum
726 2794 806 2832 PR
898 2795 953 2833 25
983 2792 1114 2836 vertit
1142 2788 1440 2846 προστιθέντι
1471 2797 1568 2840 τοῖς
1598 2788 1820 2845 ἀριθμοῖς

149 2848 474 2906 (προσθετικῷ)
514 2852 520 2906 Ι
555 2863 640 2893 0011
672 2855 713 2893 et
743 2850 795 2892 111
823 2862 942 2893 ‘nova
973 2850 1052 2893 lin.
1084 2849 1205 2894 xerit
1235 2854 1272 2892 B
1311 2847 1627 2892 conjuncxerit
1656 2852 1702 2891 Π

149 2910 204 2949 26
236 2908 380 2962 suppl.
406 2906 454 2950 A'
578 2912 632 2951 27
664 2907 845 2952 ratione
876 2912 914 2951 A
