2014 3202
190 147 296 200 262
907 144 1134 189 FfflMIOI

190 267 468 337 geniturae
493 265 929 333 gymnasiarchas
945 265 1250 336 AsiarchaS,
1274 265 1671 334 provinciarum
1693 282 1861 318 sacer·
1913 286 1916 291 ’

189 342 340 392 dotes
350 381 364 407 ,
415 338 587 392 010103
638 357 849 408 semper
899 343 952 391 et
1000 339 1210 392 nobiles
1262 342 1315 392 et
1364 357 1591 407 quorum
1637 337 1858 391 honoris

188 412 421 482 insignia
474 430 570 481 per
615 411 786 465 totius
834 413 979 465 orbis
1036 412 1213 481 spatia
1263 412 1626 482 perferantur,
1673 414 1858 482 gratos

191 486 448 538 amabiles
503 489 758 538 venustos
814 486 985 538 iustos
1042 489 1095 538 et
1149 486 1343 555 quibus
1399 486 1619 555 cupiant
1674 503 1857 539 omnes

188 577 524 629 quacumque
563 558 772 612 ratione
811 559 1086 629 prodesse3
1126 561 1218 612 sed
1256 560 1323 613 iis
1363 578 1395 612 a
1426 559 1639 612 feminis
1671 559 1757 612 vel
1790 559 1857 612 ab
1904 578 1925 612 5

137 632 168 683 6
187 633 445 686 uxoribus
484 636 603 686 130130
640 632 918 686 felicitatis
950 632 1186 702 insignia
1217 633 1578 686 conferuntur.
1642 630 1699 686 Si
1729 651 1857 686 1010

184 726 294 760 000
331 706 495 759 fuerit
539 707 598 758 in
640 705 726 759 his
773 706 906 759 locis
951 724 1049 759 nec
1096 706 1153 759 in
1197 706 1282 759 his
1324 705 1501 773 [locis]
1553 706 1721 776 signis
1759 724 1858 759 nec

184 782 241 833 in
279 780 365 833 his
405 780 602 833 finibus
651 784 706 832 et
751 780 808 832 in
855 779 1044 832 alienis
1084 779 1253 850 signis
1293 780 1377 833 vel
1416 781 1474 832 in
1512 779 1701 832 alienis
1740 779 1858 832 fini-

184 855 284 907 bus
338 854 502 907 fuerit
554 854 786 923 inventa,
839 853 989 906 dabit
1036 856 1179 906 artes
1233 853 1488 906 honestas
1544 871 1755 922 semper
1802 856 1856 905 013

184 927 432 999 mundas3
487 927 620 981 facit
675 928 817 980 enim
875 927 1118 979 aurifices
1167 926 1503 980 inauratores
1549 926 1855 996 bratiarios,
1880 945 1925 978 10

183 1002 518 1071 argentarios
565 1000 800 1054 musicos
848 1001 1162 1071 organarios
1209 1001 1460 1069 pictores„
1539 998 1596 1052 Si
1635 1017 1759 1053 vero
1798 1000 1857 1052 in

182 1076 399 1129 deiectis
431 1075 566 1128 locis
599 1079 654 1127 et
683 1073 741 1127 in
771 1074 942 1145 pigris
967 1074 1130 1127 fuerit
1160 1074 1395 1143 inventa,
1426 1073 1588 1127 faciet
1610 1073 1854 1142 hospites

179 1149 491 1217 popinarios
538 1148 875 1203 tabernarios
924 1148 1233 1217 myropolas
1280 1150 1334 1200 et
1382 1147 1474 1217 qui
1524 1165 1750 1200 coronas
1791 1160 1895 1199 ex*

179 1223 374 1275 florum
420 1222 680 1275 varietate
736 1222 1063 1291 compositas
1117 1221 1273 1274 festis
1330 1239 1390 1274 00
1445 1221 1612 1274 300113
1665 1221 1853 1273 diebus

181 1296 478 1349 distrahere
519 1296 829 1349 consuerint
868 1299 923 1348 et
962 1313 1325 1364 quaecumque
1367 1295 1433 1347 ad
1471 1294 1737 1347 laetitiam
1768 1294 1853 1347 vel
1877 1313 1920 1346 15

130 1371 159 1423 7
181 1370 246 1422 ad
285 1370 699 1423 delectationem
737 1372 863 1422 sunt
906 1369 1220 1422 necessaria.
1300 1367 1403 1421 Sed
1442 1368 1768 1438 generaliter
1807 1367 1854 1420 si

181 1462 301 1496 cum
341 1462 420 1513 eo,
459 1444 552 1512 qui
590 1447 741 1496 actus
782 1443 1043 1510 decernit,
1080 1442 1330 1496 benivola
1368 1442 1533 1494 fuerit
1572 1441 1730 1494 stella
1767 1441 1852 1494 vel

180 1534 303 1569 eum
340 1516 608 1586 trigonica
638 1517 936 1569 radiatione
967 1516 1277 1585 respexerit,
1307 1516 1413 1584 ipsi
1445 1514 1590 1568 actui
1621 1514 1852 1585 gloriam

171 1589 379 1642 *famam
416 1590 863 1658 nobilitatemque
904 1590 1142 1643 decernit
1174 1593 1229 1642 et
1261 1589 1497 1642 maxima
1527 1589 1851 1641 facultatum

179 1664 510 1716 incrementa
539 1663 792 1733 largitur3
825 1666 878 1715 013
909 1666 1110 1731 quanto
1143 1664 1323 1731 plures
1356 1661 1635 1715 benivolae
1661 1661 1850 1714 stellae
1875 1683 1917 1714 20

178 1735 357 1789 radios
391 1755 513 1789 suos
548 1736 855 1789 decernenti
887 1740 1068 1788 actum
1091 1736 1483 1803 societatesque
1509 1733 1850 1798 contulerint,

177 1810 235 1862 in
280 1813 493 1863 tantum
539 1810 782 1862 inmensa
826 1807 1106 1862 felicitatis
1163 1808 1510 1861 conferuntur
1560 1811 1850 1877 augmenta

178 1887 232 1935 013
271 1902 335 1936 ex
373 1884 491 1952 ipso
532 1887 655 1936 actu
695 1899 919 1953 magnae
961 1881 1163 1953 gloriae
1202 1899 1398 1934 nomen
1438 1880 1656 1950 accipit,
1701 1900 1851 1950 prae-

179 1957 365 2010 sertim
399 1958 445 2010 si
478 1960 624 2010 recto
659 1974 817 2009 cursu
847 1959 1133 2026 pergentes
1164 1956 1444 2008 benivolae
1478 1955 1679 2023 stellae,
1714 1973 1849 2023 quae

178 2031 551 2084 testimonium
596 2030 904 2099 perhibent,
949 2030 1008 2082 in
1053 2029 1320 2082 matutino
1370 2031 1493 2081 ortu
1530 2027 1731 2081 fuerint
1769 2029 1847 2081 in·
1874 2050 1915 2083 25

128 2108 159 2160 8
179 2107 382 2158 ventae.
439 2104 641 2167 Quodsi
674 2104 786 2156 sine
819 2103 1132 2164 testimonio
1166 2102 1538 2156 benivolarum
1571 2102 1849 2154 stellarum

327 2283 349 2322 1
383 2277 942 2335 gymnasia-casasiarcas
965 2282 1043 2320 PR
1067 2279 1138 2335 (sa
1160 2279 1234 2334 33.)
1259 2274 1685 2334 gymnasia-casasi
1718 2288 1849 2319 01003

179 2350 310 2380 01003
325 2341 383 2393 11,
414 2351 525 2382 corr.
545 2337 650 2382 Sittz
781 2342 807 2380 2
842 2339 889 2380 et
919 2342 1022 2382 ante
1049 2335 1231 2380 nobiles
1263 2350 1346 2380 om.
1363 2340 1396 2377 P
1523 2339 1549 2378 5
1573 2333 1848 2388 radiatione‚

179 2409 290 2440 corr.
316 2394 364 2438 A‘
394 2398 401 2453 Ι
430 2396 511 2439 sed
541 2395 599 2438 iis
630 2396 731 2453 nos]
758 2396 826 2440 De
851 2395 940 2438 diis
968 2397 973 2453 Ι
1003 2409 1031 2439 0
1052 2394 1238 2438 feminis
1263 2392 1377 2452 QA']
1404 2393 1551 2437 afenis
1569 2397 1614 2435 M
1638 2391 1799 2436 affenis
1815 2397 1849 2434 P

180 2454 326 2498 asenis
350 2459 387 2496 B
480 2460 503 2498 7
536 2455 618 2498 del.
644 2453 692 2496 A‘
786 2459 811 2498 8
844 2453 988 2511 signis
1019 2453 1092 2497 vel
1122 2453 1171 2496 in
1203 2452 1367 2497 alienis
1399 2467 1480 2497 om.
1506 2456 1551 2494 M
1642 2455 1697 2494 10
1719 2463 1848 2493 mau-

178 2515 353 2557 ratores
377 2518 422 2555 M
456 2515 477 2614 '1
497 2512 751 2556 braciarios
774 2517 819 2555 M
859 2511 1158 2567 bratiatorios
1182 2517 1215 2554 P
1358 2516 1410 2554 12
1444 2509 1651 2565 1101001113,
1683 2522 1795 2553 corr.
1819 2524 1848 2551 v

180 2577 235 2615 13
266 2586 458 2628 myropa
480 2585 529 2615 03
553 2576 632 2614 PB.
753 2576 807 2613 14
839 2585 893 2615 00
924 2571 1066 2615 300113
1098 2571 1246 2626 deficit
1277 2575 1312 2618 Q,
1433 2573 1485 2613 15
1512 2567 1735 2611 distraere
1758 2571 1803 2609 Μ
1837 2567 1843 2626 Ι

180 2630 504 2675 consueuerint
535 2635 567 2673 P
609 2632 615 2687 Ι
656 2628 889 2673 laetitiam
918 2630 991 2674 vel
1023 2631 1084 2674 ad
1115 2644 1196 2674 om.
1221 2633 1266 2672 lt
1410 2632 1463 2670 16
1496 2626 1554 2684 31]
1588 2626 1669 2669 sed
1691 2629 1736 2668 Μ

181 2693 235 2732 18
268 2690 391 2747 eum]
425 2704 530 2733 cum
559 2693 637 2731 PB
679 2690 684 2746 Ι
727 2688 986 2744 rexpexerit
1015 2693 1059 2732 Μ
1100 2689 1106 2746 Ι
1149 2687 1468 2744 eoespectaveris
1497 2685 1616 2728 velut
1652 2683 1701 2726 in
1732 2683 1845 2740 ipsis

181 2747 362 2791 actibus
513 2753 566 2791 19
606 2745 1042 2804 ignobilitatemque
1072 2751 1228 2789 MPRa
1390 2749 1443 2787 21
1485 2756 1589 2786 suos
1628 2741 1782 2786 radios
1813 2748 1847 2786 P

179 2806 334 2849 'radios
367 2806 589 2850 discernit
609 2810 718 2850 §uos
734 2810 772 2848 R
798 2808 805 2860 Ι
833 2805 1098 2849 decernenti
1113 2804 1184 2863 A']
1218 2801 1479 2848 decernitu
1503 2800 1724 2844 discernit
1738 2801 1844 2859 ΡΒ]

181 2863 540 2920 societatemque
564 2870 596 2907 P
701 2869 756 2907 22
788 2862 1084 2907 conferantur
1105 2868 1174 2906 ΜΒ
1200 2865 1206 2919 1
1235 2862 1511 2918 aucgmenta
1534 2863 1578 2901 M
1684 2864 1738 2902 23
1772 2873 1847 2903 ac-

180 2921 304 2977 cepit
326 2926 438 2965 11Βῦ
528 2928 582 2966 26
616 2922 713 2966 sine
745 2936 826 2966 om.
851 2925 895 2963 M
