1992 3198
253 128 359 172 VIII

401 253 551 300 Haud
589 268 700 300 raro
742 252 1040 300 contulimus
1080 253 1213 301 locos
1246 255 1521 302 ceterorum
1561 254 1926 318 astrologorum

253 326 541 390 Ptolemaei,
580 326 741 374 Vettii
772 326 996 373 Valentis
1029 326 1203 374 inediti
1236 327 1377 374 cuius
1411 328 1697 390 apographo
1736 327 1927 376 utimur
1971 379 1974 382 ,

253 400 525 464 Riessiano⁷
565 399 946 461 Hephaestionis
986 399 1208 448 Thebani
1239 393 1352 466 (qui
1383 417 1408 448 e
1440 401 1680 449 Dorothei
1713 401 1926 450 carmine

252 467 389 522 haud
441 489 603 536 pauca
656 466 917 538 servavit),
979 473 1127 520 Pauli
1172 473 1516 536 Alexandrini,
1577 474 1780 522 Maximi
1829 468 1926 540 (ed.

253 542 516 612 Ludwich)
544 547 777 609 aliorum3
813 562 900 594 nec
932 563 1031 595 non
1056 547 1286 594 Salmasii
1318 547 1376 595 de
1409 547 1550 595 annis
1583 548 1926 596 climactericis

253 621 379 670 libro
421 617 517 684 (ed.
563 613 727 685 1648)
766 620 845 667 usi
884 635 1068 669 sumus.

402 694 798 743 Consentaneum
838 695 912 741 est
949 709 1026 742 res
1059 694 1331 742 amicorum
1364 709 1644 743 communes
1677 710 1802 759 esse3
1841 695 1954 743 sed*

252 771 419 816 tamen
471 767 954 816 commemorandum
1007 770 1082 815 est
1134 768 1266 815 hunc
1312 767 1605 815 fasciculum
1657 784 1686 816 a
1734 769 1924 818 Krollio

249 843 321 891 sic
359 843 712 904 praeparatum
751 856 868 904 esse,
908 843 968 888 ut
1006 841 1224 903 imprimi
1260 843 1439 903 posset.

341 907 346 914 ⁵
401 915 687 964 Gratiarum
720 915 1024 978 agendarum
1057 915 1361 963 occasionem
1393 915 1631 964 habemus
1662 915 1797 963 haud
1828 916 1925 964 exi-

252 1005 417 1053 guam.
476 989 549 1036 Ac
588 988 802 1050 primum
835 989 1033 1051 quidem
1065 988 1425 1037 Franciscus
1459 989 1788 1037 Buecheler
1825 990 1926 1052 epi-

250 1063 451 1111 stolicas
492 1061 733 1124 quasdam
770 1065 965 1111 nostras
1013 1063 1327 1124 quaestiones
1366 1065 1472 1110 tam
1509 1063 1735 1111 benivole
1777 1079 1928 1125 quam

251 1137 447 1200 egregie
487 1136 648 1184 solvit.
735 1136 1082 1184 Theodorus
1121 1137 1441 1184 Mommsen
1487 1138 1655 1184 autem
1694 1138 1744 1184 et
1784 1135 1834 1187 O.
1872 1137 1926 1185 F.

250 1211 328 1260 W.
360 1210 615 1258 Mueller
659 1225 719 1257 ne
767 1209 1170 1273 corrigendarum
1216 1209 1414 1272 quidem
1459 1210 1778 1272 plagularum
1823 1213 1927 1258 tae-

251 1284 389 1331 dium
428 1284 758 1332 detrectantes
797 1284 854 1331 de
894 1283 1066 1331 multis
1103 1283 1252 1331 huius
1285 1283 1538 1345 scriptoris
1570 1284 1690 1332 locis
1722 1284 1926 1348 insigni-

251 1360 328 1406 ter
365 1359 674 1420 meruerunt3
724 1373 936 1419 quorum
982 1356 1116 1419 quod
1153 1357 1354 1406 nomina
1399 1357 1479 1405 hic
1525 1357 1627 1405 illic
1667 1357 1926 1406 detrunca-

250 1431 413 1479 vimus
454 1427 578 1493 (Mo.
619 1433 669 1478 et
705 1423 866 1497 Mue.)
912 1431 1170 1494 ignoscent
1216 1446 1484 1492 speramus.
1567 1431 1641 1478 De
1681 1431 1927 1492 capitibus

251 1505 302 1552 II
334 1507 380 1553 8.
416 1506 444 1552 9
481 1521 509 1552 a
551 1504 691 1552 nobis
734 1504 1069 1567 interrogatus
1109 1502 1358 1552 Carolus
1397 1504 1688 1552 Manitius
1726 1519 1926 1566 respon-

250 1578 339 1626 dit.
424 1578 483 1625 In
538 1578 786 1626 codicibus
837 1577 1141 1626 conferendis
1196 1577 1283 1639 qui
1337 1593 1477 1625 suam
1530 1577 1671 1625 nobis
1726 1594 1927 1639 operam

251 1652 610 1715 praestiterint,
667 1654 813 1699 antea
863 1651 1052 1699 dictum
1102 1653 1198 1714 est3
1254 1651 1598 1715 adiungendus
1649 1653 1815 1699 tamen
1864 1651 1926 1700 iis

247 1741 365 1773 cum
404 1725 570 1774 debita
617 1725 781 1789 gratia
818 1741 917 1773 non
954 1724 1404 1772 Maximilianus
1451 1725 1681 1773 Bonnet
1726 1726 1927 1773 tantum

252 1815 399 1861 quem
451 1816 549 1848 non
605 1800 754 1847 semel
807 1815 895 1860 per
946 1798 1139 1846 litteras
1193 1798 1404 1846 adiimus
1460 1800 1510 1846 et
1558 1798 1924 1847 Gottholdus

252 1872 669 1921 Gundermann
725 1872 813 1934 qui
849 1872 907 1920 de
961 1872 1208 1920 codicibus
1260 1872 1558 1934 quibusdam
1607 1871 1785 1920 exteris
1836 1888 1924 1921 nos

248 1946 482 1995 certiores
528 1946 666 2010 fecit,
719 1962 891 1995 verum
938 1946 1088 1994 etiam
1132 1945 1370 2008 praefecti
1414 1945 1826 1994 bibliothecarum
1874 1948 1924 1994 et

250 2020 399 2067 huius
438 2019 576 2068 urbis
616 2022 666 2068 et
705 2022 998 2069 exterarum.

398 2122 825 2172 Vratislaviae.
1417 2117 1506 2170 W.
1538 2116 1612 2171 K.
1688 2115 1755 2170 F.
1791 2113 1848 2170 S.
