2014 3202
820 93 885 137 III
908 97 978 150 11,
1001 106 1138 138 8—16.
1711 93 1816 146 179

142 218 359 268 noctem
397 214 452 267 in
492 214 595 267 hoc
632 214 751 266 loco
790 213 992 266 fuerint
1036 214 1264 283 inventi,
1310 213 1373 265 de
1411 213 1570 266 malis
1610 214 1817 267 artibus

147 289 227 342 vel
267 289 331 341 de
371 287 528 341 malis
576 287 767 340 officiis
814 287 1101 340 facultates
1147 287 1251 339 sibi
1299 286 1506 356 aliquas
1546 305 1818 357 compara·

142 363 280 415 bunt
318 366 374 415 et
413 363 505 431 qui
544 379 638 431 per
683 361 795 414 dies
843 361 1086 431 singulos
1133 361 1290 413 malis
1330 379 1391 413 ac
1429 360 1648 414 nefariis
1690 361 1817 415 acti-

142 437 242 490 bus
298 438 552 489 crescant.
639 435 817 487 Erunt
870 435 1016 488 fures
1074 438 1168 487 aut
1222 434 1528 488 effractores
1579 438 1674 487 aut
1723 435 1816 504 qui

99 532 118 564 5
143 510 542 564 commendatas
590 507 695 561 sibi
742 527 827 561 res
882 513 977 561 aut
1023 509 1148 561 fidei
1194 527 1320 561 suae
1374 509 1603 561 creditas
1651 509 1816 561 obsti-

141 584 285 637 natis
332 583 542 636 soleant
580 582 967 651 cupiditatibus
1008 583 1299 653 abnegare,
1346 585 1440 635 aut
1484 581 1815 635 nefariorum

141 658 440 710 facinorum
491 655 797 709 inventores
847 657 932 709 vel
984 660 1309 710 executores,
1391 655 1620 709 Faciunt
1672 656 1814 708 enim

142 735 236 783 aut
273 733 508 783 tortores
550 734 643 782 aut
684 730 959 784 carnifices
1001 733 1095 783 aut
1141 730 1445 799 proditores
1492 748 1712 782 suorum
1759 733 1814 782 et

139 823 203 857 ex
241 804 363 857 istis
404 804 611 856 artibus
651 804 899 857 fortunae
940 823 1000 858 ac
1046 804 1369 857 facultatum
1407 804 1512 856 sibi
1550 804 1813 856 maximas

13 925 24 931 -
75 899 117 931 ιο
140 877 475 930 substantias
515 882 914 948 comparantes,
959 878 1051 930 sed
1091 895 1236 930 mors
1276 878 1353 930 eis
1394 895 1516 930 cum
1556 877 1815 930 violentia

140 955 234 1004 aut
273 970 393 1004 cum
427 951 748 1021 quibusdam
779 952 1066 1005 tormentis
1098 951 1352 1021 gravibus
1387 952 1681 1020 proveniet,
1720 955 1814 1003 aut

140 1026 443 1078 moriuntur
483 1025 582 1095 [in]
625 1026 805 1096 gravis
844 1026 1085 1078 insaniae
1124 1026 1256 1077 vitio
1296 1026 1623 1078 laborantes.

285 1099 348 1151 In
386 1117 531 1152 nono
563 1100 683 1152 loco
716 1100 782 1152 ab
815 1099 1118 1167 horoscopo
1152 1098 1449 1152 Mercurius
1482 1117 1603 1152 cum
1635 1097 1810 1151 Marte
1832 1099 1902 1151 14

137 1173 341 1241 pariter
380 1172 707 1226 constitutus
746 1174 976 1226 iniustos
1015 1173 1358 1242 inreligiosos
1404 1173 1647 1242 periuros
1686 1172 1812 1224 faci-

74 1267 115 1301 ιε
140 1249 245 1314 ent,
286 1247 377 1299 sed
418 1265 538 1299 cum
571 1247 677 1299 isto
712 1248 907 1299 mentis
939 1265 1118 1299 errore
1148 1246 1500 1300 nihilominus
1533 1247 1811 1299 ministros

139 1320 376 1390 deorum,
416 1321 507 1373 sed
544 1324 599 1373 et
637 1320 736 1374 hos
767 1321 915 1390 ipsos
949 1321 1090 1389 deos,
1130 1321 1325 1389 quibus
1359 1320 1615 1390 serviunt,
1653 1320 1813 1389 spoli·

137 1398 290 1446 antes
338 1398 497 1463 atque
547 1395 835 1462 nudantes,
885 1395 978 1463 qui
1023 1393 1350 1463 templorum
1397 1394 1618 1447 donaria
1662 1412 1812 1462 prae-

136 1468 259 1520 dam
287 1486 441 1520 suam
473 1467 690 1521 faciant.
752 1467 854 1521 Sed
885 1468 1017 1520 haec
1049 1468 1280 1520 maxime
1311 1467 1533 1536 faciunt,
1571 1467 1618 1519 si
1649 1468 1810 1537 longe

136 1559 167 1593 a
204 1541 368 1594 radiis
403 1540 544 1595 Solis
584 1541 790 1594 inventi
828 1541 1030 1594 fuerint
1068 1546 1163 1594 aut
1200 1542 1258 1594 in
1290 1541 1400 1594 suis
1431 1541 1662 1594 invicem
1692 1560 1811 1610 par-

69 1615 281 1668 notibus
331 1620 425 1667 aut
473 1615 530 1668 in
577 1616 735 1668 domo
779 1614 920 1668 Solis
954 1656 1112 1669 .....
1145 1615 1308 1684 †arte
1354 1615 1487 1668 haec
1535 1619 1714 1684 erunt,
1762 1615 1809 1667 si

134 1689 211 1741 sic
251 1689 328 1741 eis
367 1690 561 1758 positis
599 1688 754 1742 Luna
801 1707 856 1742 se
905 1690 968 1742 de
1015 1690 1276 1758 quadrato
1315 1690 1402 1742 vel
1441 1690 1504 1742 de
1544 1689 1808 1742 diametro

135 1763 472 1815 coniunxerit
511 1764 670 1832 plena
707 1762 1017 1816 luminibus

279 1835 345 1888 In
383 1837 588 1890 decimo
627 1838 748 1890 loco
789 1838 856 1889 ab
895 1837 1197 1905 horoscopo
1238 1836 1382 1888 Mars
1423 1840 1477 1888 et
1508 1835 1806 1889 Mercurius
1828 1835 1896 1889 15

132 1911 335 1978 pariter
375 1911 661 1963 constituti
700 1911 928 1963 miseros
969 1914 1023 1962 et
1059 1910 1363 1963 inefficaces
1402 1908 1648 1962 homines
1680 1909 1808 1963 faci-

67 2003 109 2036 25
132 1986 253 2052 unt3
300 1983 709 2037 delectabuntur
756 1988 938 2036 autem
981 1983 1217 2036 adsiduis
1265 1983 1704 2052 navigationibus
1752 1986 1807 2035 et

135 2059 402 2109 amatores
444 2062 601 2110 erunt
638 2058 1052 2127 palaestrarum,
1093 2060 1147 2109 et
1186 2058 1277 2125 qui
1315 2056 1483 2109 vitam
1524 2074 1675 2108 suam
1715 2074 1806 2124 po-

133 2130 374 2182 tentibus
414 2131 544 2183 viris
578 2136 671 2183 aut
703 2131 923 2200 regibus
956 2130 1077 2183 vitii
1107 2130 1384 2183 cuiusdam
1416 2131 1648 2198 <causa>
1679 2148 1805 2182 ven-

132 2204 275 2255 dant.
351 2203 530 2256 Erunt
583 2208 764 2256 autem
819 2222 941 2257 cum
994 2205 1205 2256 macula
1258 2222 1469 2273 semper
1522 2207 1617 2256 aut
1669 2203 1803 2256 vitio

132 2277 422 2330 secundum
463 2278 780 2346 qualitatem
819 2277 1285 2346 substantiamque
1331 2278 1622 2348 signorum.
1701 2276 1804 2330 Sed
1825 2277 1892 2331 16

64 2372 107 2404 80
131 2369 342 2419 semper
402 2350 700 2404 Mercurius
770 2369 891 2403 cum
959 2350 1133 2403 Marte
1200 2351 1404 2420 pariter
1474 2351 1802 2404 constitutus

279 2530 300 2568 1
335 2523 512 2568 inventi
543 2538 625 2568 om.
650 2529 694 2566 H
721 2526 726 2582 Ι
753 2524 981 2581 partibuS‚
1013 2538 1124 2569 corr.
1157 2539 1219 2568 κσ
1353 2530 1378 2568 2
1411 2523 1804 2581 comparabuntur

127 2588 215 2626 HV
337 2589 362 2626 3
396 2597 514 2640 quae
546 2597 572 2627 σ
690 2588 717 2626 4
748 2583 988 2639 fractorem
1019 2598 1130 2628 corr.
1156 2583 1204 2627 A'
1331 2589 1385 2627 10
1416 2597 1578 2637 mores,
1611 2596 1722 2626 corr.
1748 2581 1798 2624 A'

126 2644 297 2686 mortes
322 2657 348 2686 σ
463 2648 514 2686 11
547 2641 837 2698 prouenient‚
872 2656 982 2686 corr.
1008 2641 1057 2685 A'
1174 2648 1227 2686 12
1260 2642 1309 2686 in
1340 2644 1423 2687 del.
1448 2657 1478 2685 v
1585 2647 1638 2684 15
1669 2640 1799 2697 istos,

127 2714 237 2744 corr.
262 2700 311 2744 A'
342 2703 348 2758 Ι
378 2715 552 2745 errores
575 2705 613 2743 V
706 2706 758 2744 17
793 2700 988 2744 donaria
1011 2702 1056 2760 σ]
1088 2701 1317 2745 dominari
1342 2702 1402 2744 ad
1426 2703 1482 2755 cf.
1508 2701 1562 2744 de
1581 2714 1663 2744 err.
1680 2702 1760 2753 28,
1775 2711 1797 2740 6

131 2763 183 2802 18
213 2759 395 2804 faciunt
424 2759 495 2818 A']
527 2759 706 2803 faciant
733 2764 866 2802 MPR
896 2759 1072 2803 facient
1100 2765 1138 2803 V
1259 2766 1312 2804 19
1344 2759 1418 2814 {ll-i
1449 2758 1560 2803 solis
1587 2763 1621 2800 P
1647 2761 1654 2815 Ι
1681 2757 1799 2816 suis]

129 2815 246 2860 Solis
278 2833 304 2862 σ
454 2824 510 2862 20
543 2820 624 2863 lae.
658 2824 758 2863 stat.
791 2836 818 2862 κ
862 2821 867 2876 Ι
909 2833 947 2863 υ.
973 2833 1007 2863 e.
1040 2818 1234 2863 fortiora
1264 2834 1326 2863 κσ
1475 2823 1529 2861 27
1563 2818 1668 2861 add.
1694 2817 1802 2862 Sittl

129 2880 182 2918 29
216 2876 584 2932 sustantiamque
614 2882 654 2920 Β,
773 2882 828 2920 30
861 2877 1141 2922 constitutus
1170 2880 1219 2936 v]
1252 2876 1493 2922 constituti

1446 2950 1534 2994 12*
