2014 3202
803 143 867 188 IV
892 148 960 200 19,
986 156 1143 188 24—31.
1698 144 1805 196 253

130 268 380 317 inventus
421 268 475 318 et
513 265 732 334 plenum
773 264 1060 316 crescentis
1093 262 1275 316 Lunae
1307 263 1488 317 lumen
1522 264 1807 333 exceperit,

131 339 200 391 ob
240 338 501 392 maleficia
537 338 621 391 vel
669 336 737 391 ob
784 336 993 389 inlicita
1039 355 1191 390 sacra
1228 338 1312 390 vel
1353 337 1422 390 ob
1470 338 1802 391 adulterabas

128 412 382 481 pecunias
414 412 626 482 publice
658 414 935 464 accusatos
967 409 1130 464 faciet
1162 411 1340 481 gladio
1373 410 1607 465 interire.
1670 411 1802 466 Cor·
1823 414 1893 467 28

130 504 230 554 pus
282 503 408 539 vero
458 485 620 538 faciet
670 484 969 537 Mercurius
979 527 993 554 ,
1052 502 1171 538 cum
1226 485 1472 538 dominus
1524 486 1803 556 geniturae

89 581 108 613 5
133 559 318 627 fuerit,
365 559 600 611 medium
647 576 857 628 semper
896 562 950 610 et
997 559 1199 628 gracile
1238 563 1292 611 et
1344 577 1571 628 quorum
1611 559 1804 612 faciem

133 632 309 686 tenuis
348 633 523 702 pallor
560 632 760 699 lividet,
802 632 984 685 oculos
1024 650 1149 686 vero
1190 636 1348 686 ornat
1386 632 1803 702 pulchritudinis

130 707 427 759 honestate.
519 705 697 758 Erunt
758 724 884 759 sane
948 707 1217 760 modicum
1271 707 1451 759 cibum
1504 710 1802 776 potumque

132 783 404 832 sumentes
466 783 520 832 et
577 780 772 848 quibus
832 780 1080 832 omnibus
1139 781 1447 833 substantia
1499 781 1806 833 litterarum

130 854 324 906 merito
364 853 673 907 conferatur
712 857 766 906 et
805 854 898 922 qui
942 856 1164 923 propter
1211 853 1430 915 litteras
1460 855 1544 907 vel
1583 857 1806 924 propter

64 950 106 983 ιο
132 927 275 981 docti
315 928 577 981 sermonis
618 931 868 980 ornatum
908 926 1144 980 adsiduis
1193 928 1402 980 soleant
1440 927 1804 998 legationibus

129 1001 283 1071 fungi
330 1005 384 1053 et
425 1020 558 1070 quos
600 1005 928 1054 secretarum
968 1019 1029 1054 ac
1075 1001 1453 1071 religiosarum
1495 1002 1803 1054 litterarum

130 1092 325 1128 arcana
370 1075 649 1128 delectent.
725 1073 910 1128 Faciet
949 1075 1114 1128 etiam
1159 1075 1450 1146 magistros
1496 1078 1590 1128 aut
1630 1077 1892 1146 gram-29

130 1148 357 1201 maticae
404 1149 539 1202 artis
587 1151 681 1201 aut
727 1148 996 1202 oratoriae
1043 1151 1138 1201 aut
1175 1148 1622 1218 philosopharum
1662 1149 1805 1202 litte·

129 1240 311 1274 rarum
356 1223 677 1291 interpretes
725 1240 786 1276 ac
833 1222 1127 1292 magistros
1175 1226 1231 1275 et
1278 1224 1369 1291 qui
1417 1223 1598 1276 omnia
1645 1240 1805 1293 nego-

65 1320 106 1353 15
130 1295 374 1349 tiationis
423 1296 602 1349 officia
646 1296 793 1349 facili
831 1297 1039 1350 ratione
1077 1299 1434 1366 pertractent,
1482 1296 1805 1365 accipientes

129 1370 332 1438 pariter
394 1387 455 1422 ac
521 1371 751 1436 [dantes]
818 1370 1132 1423 exhibentes
1193 1370 1348 1423 fidele
1410 1370 1804 1423 commercium.

130 1443 308 1496 Erunt
356 1461 482 1496 sane
527 1444 584 1496 in
631 1443 777 1497 omni
822 1443 1191 1514 negotiatione
1242 1444 1486 1513 solliciti,
1542 1444 1704 1496 utiles
1752 1447 1806 1496 et

133 1517 225 1585 qui
257 1517 590 1570 substantiae
621 1518 908 1571 facultates
943 1518 1054 1570 suis
1086 1517 1292 1570 viribus
1318 1517 1592 1588 colligant,
1621 1520 1805 1587 patres

131 1591 367 1643 familiae
408 1592 475 1643 ab
517 1591 662 1644 omni
700 1591 1035 1644 luxuriarum
1068 1591 1295 1660 sepositi
1326 1590 1622 1660 voluptate,
1660 1591 1806 1655 iusti,

66 1689 109 1721 20
133 1664 238 1717 sibi
276 1668 529 1718 vacantes
571 1668 624 1717 et
661 1683 692 1717 a
725 1664 1148 1718 conversationis
1179 1665 1428 1734 publicae
1461 1664 1693 1735 strepitu
1725 1683 1807 1718 se-

130 1738 309 1807 parati
348 1742 403 1791 et
444 1738 536 1807 qui
577 1756 761 1791 omnes
806 1738 1094 1809 religiones
1144 1756 1205 1792 ac
1245 1739 1372 1792 deos
1413 1755 1533 1792 cum
1575 1739 1807 1808 quadam

130 1812 488 1880 trepidatione
534 1813 846 1881 suspiciant.
925 1811 983 1865 Si
1027 1830 1154 1866 vero
1202 1813 1460 1866 vitiorum
1508 1830 1569 1866 ac
1615 1812 1806 1865 valitu-
1824 1813 1894 1866 30

132 1885 271 1939 dinis
303 1886 604 1954 possederit
635 1887 814 1940 locum
846 1890 901 1939 et
932 1885 1311 1939 malivolarum
1336 1885 1615 1939 stellarum
1640 1885 1804 1938 fuerit

0 2005 1 2026 Ξ
131 1957 327 2011 minaci
373 1959 670 2012 radiatione
719 1959 1066 2028 constrictus,
1120 1959 1261 2027 (ab)
1305 1959 1624 2012 humoribus
1670 1959 1805 2012 vitia

0 2078 1 2093 ³
66 2054 109 2088 25
133 2032 390 2102 decernit3
430 2036 485 2085 et
524 2034 570 2085 si
601 2032 753 2086 Luna
792 2032 930 2085 male
967 2031 1131 2085 fuerit
1162 2033 1440 2101 collocata,
1481 2036 1575 2085 aut
1607 2033 1805 2101 spasti-

0 2107 1 2139 ἶ
134 2122 225 2158 cos
265 2109 359 2158 aut
395 2106 661 2159 lunaticos
702 2110 796 2159 aut
841 2106 1066 2159 caducos
1105 2105 1238 2159 facit
1284 2109 1339 2158 et
1378 2123 1522 2158 mors
1561 2105 1671 2159 illis
1710 2110 1804 2159 aut

134 2197 197 2231 ex
238 2179 389 2248 aquis
430 2182 524 2232 aut
562 2198 626 2232 ex
665 2179 980 2232 humoribus
1021 2197 1231 2249 semper
1269 2179 1512 2232 infertur.

282 2252 428 2306 Scire
483 2253 666 2321 itaque
719 2271 817 2305 nos
873 2256 1111 2321 oportet,
1173 2253 1314 2307 sicut
1368 2253 1611 2322 superius
1666 2272 1805 2307 com·
1823 2255 1889 2308 31

0 2387 1 2394 ἶ
132 2326 535 2394 prehendimus,
583 2326 709 2395 quia
757 2325 850 2379 Sol
897 2330 952 2378 et
989 2325 1144 2379 Luna
1188 2345 1484 2396 numquam
1531 2327 1803 2396 accipiunt

0 2398 1 2401 ¹
69 2423 112 2455 30
136 2400 414 2470 geniturae
469 2399 816 2452 dominatum.
910 2398 1014 2453 Sed
1067 2418 1188 2453 cum
1242 2400 1472 2454 dominis
1527 2401 1805 2471 geniturae

284 2519 308 2557 2
342 2514 402 2558 ob
420 2520 524 2570 post
548 2527 681 2558 sacra
702 2514 775 2558 vel
798 2527 881 2559 om.
895 2519 939 2557 H
987 2514 1227 2559 adulturas
1243 2521 1322 2559 PB.
1381 2522 1409 2560 4
1433 2515 1552 2560 facie
1569 2515 1729 2571 (faciet
1744 2517 1805 2573 Π)

134 2575 284 2629 tenus,
309 2587 421 2618 corr.
439 2588 468 2615 v
529 2576 554 2616 6
579 2573 787 2630 pollorlt
813 2575 820 2631 Ι
846 2573 946 2617 inui
980 2576 1040 2629 et,
1057 2586 1169 2619 corr.
1188 2575 1294 2620 Sittl
1347 2580 1370 2618 7
1390 2575 1558 2631 cybum
1573 2579 1607 2617 P
1667 2579 1693 2619 8
1711 2588 1806 2618 om-

135 2632 208 2675 nis
221 2646 284 2676 κσ
346 2637 398 2675 11
426 2634 711 2676 sacratarum
723 2637 803 2675 PB
866 2637 918 2675 12
938 2632 1140 2677 archana
1201 2638 1255 2677 14
1278 2634 1619 2690 intepraeteslt
1667 2638 1720 2677 15
1737 2633 1805 2677 fa-

137 2690 225 2735 cile
255 2696 317 2734 13¹³
343 2692 351 2747 Ι
376 2693 632 2748 pertractes
655 2695 700 2734 Μ
785 2695 838 2735 16
862 2693 944 2736 del.
971 2691 1076 2738 Sittl
1102 2694 1108 2752 Ι
1135 2691 1381 2737 exhibente
1404 2697 1484 2734 PB.
1561 2697 1614 2736 19
1647 2691 1739 2735 omi
1761 2696 1806 2735 Π

138 2754 195 2792 20
227 2750 578 2794 conuersatione
608 2765 651 2807 p.
682 2749 916 2807 strepitus,
947 2761 1058 2795 corr.
1077 2764 1103 2795 σ
1125 2751 1182 2806 cf.
1199 2755 1311 2806 23,2
1392 2755 1445 2795 21
1474 2764 1527 2795 ac
1553 2751 1662 2795 deos
1681 2751 1805 2809 Sittl]

139 2807 278 2851 adeos
302 2813 380 2852 PR
411 2810 471 2853 ad
504 2822 581 2854 eos
604 2814 649 2852 n
738 2814 793 2852 22
827 2808 1095 2867 suscipiant,
1125 2823 1237 2855 corr.
1263 2810 1482 2867 Nemetlvy
1564 2815 1619 2853 23
1651 2821 1806 2867 posse-

138 2865 304 2921 derint,
336 2881 446 2912 corr.
465 2867 513 2911 A'
544 2873 549 2923 Ι
578 2871 625 2912 et
647 2882 729 2912 om.
747 2873 781 2910 Ρ
884 2873 940 2912 24
972 2869 1278 2926 constrinctis,
1302 2882 1414 2914 corr.
1435 2882 1498 2913 κσ
1525 2870 1530 2926 Ι
1559 2869 1663 2913 add.
1690 2883 1717 2913 κ
1748 2869 1805 2924 cf.

137 2927 242 2981 233,
268 2937 311 2967 22
429 2931 483 2970 25
517 2927 780 2983 decernunt,
812 2941 923 2972 corr.
949 2927 997 2970 A‘
