2014 3202
214 127 321 179 100
902 157 913 167 .
935 125 1163 170 FIRMICI

132 248 198 300 11
218 266 382 300 uxore
431 250 527 299 aut
574 243 811 315 indignis
859 244 964 297 sibi
1010 246 1371 299 matrimoniis
1423 247 1757 316 copulantur.
1836 247 1894 302 Si

218 339 343 374 vero
383 339 479 390 per
516 322 733 372 noctem
771 318 939 371 istum
977 320 1256 389 geniturae
1297 321 1473 373 locum
1516 318 1779 374 Saturnus
1818 325 1924 375 te-·

213 394 416 463 nuerit,
469 411 727 462 processu
781 391 975 445 aetatis
1031 394 1580 463 quantulumcumque
1626 395 1893 465 †domino

213 472 426 538 partem
464 464 745 520 felicitatis
787 466 1051 536 adsignat,
1089 468 1349 520 virtutem
1387 487 1513 521 vero
1554 468 1668 521 eius
1708 468 1893 523 incon-

215 545 453 595 stantem
490 539 644 610 facit,
690 540 907 592 tardum
956 540 1121 592 etiam
1163 542 1219 593 in
1260 542 1509 594 omnibus
1551 543 1763 596 actibus
1802 544 1892 597 ho·
1940 563 1961 597 5

215 617 417 669 minem
472 619 527 667 et
580 615 799 683 pigrum
849 614 1204 684 demonstrat3
1267 616 1526 684 quosdam
1581 620 1783 686 autem,
1847 618 1893 670 si

213 690 466 742 deficiens
515 706 571 740 se
620 687 670 740 ei
716 687 869 740 Luna
915 687 1272 756 coniunxerit,
1324 689 1456 742 facit
1506 691 1894 759 patrimonium

215 764 463 815 amittere
513 763 590 831 et,
637 761 893 830 quicquid
939 765 1063 815 ante
1107 762 1412 831 quaesitum
1450 763 1650 833 fuerat,
1700 765 1897 818 misera

214 837 542 890 laceratione
582 834 888 904 deperdere.

128 910 287 981 12&
362 910 428 963 In
468 914 619 962 sexto
656 909 777 962 loco
813 907 1078 962 Saturnus
1119 910 1185 962 ab
1224 909 1525 979 horoscopo
1565 912 1893 965 constitutus
1920 932 1961 964 10

215 1003 371 1037 omne
430 983 820 1053 patrimonium
875 981 1125 1054 dissipat3
1186 983 1326 1036 male
1381 984 1523 1037 enim
1576 1003 1784 1055 semper
1837 986 1929 1038 in·

215 1059 322 1110 isto
357 1057 709 1111 constituitur
737 1055 877 1110 loco·
941 1056 1098 1110 Facit
1133 1056 1298 1109 etiam
1329 1058 1707 1128 aegritudineS,
1745 1078 1895 1129 prae-

216 1131 404 1185 sertim
445 1133 491 1185 si
531 1130 782 1186 deficiens
826 1149 881 1183 se
921 1131 971 1183 ei
1002 1130 1156 1183 Luna
1195 1130 1531 1184 coniunxerit
1570 1133 1653 1185 vel
1694 1133 1740 1186 si
1773 1152 1895 1186 eum

215 1205 468 1260 deficiens
506 1223 602 1277 per
644 1206 968 1258 diametrum
1006 1205 1304 1274 respexerit
1342 1205 1426 1257 vel
1466 1206 1512 1258 si
1545 1207 1807 1274 quadrata
1845 1207 1895 1260 ei

215 1280 465 1333 deficiens
503 1278 694 1349 fuerit3
730 1278 898 1332 faciet
935 1278 1178 1332 infelices
1218 1278 1448 1332 infames
1489 1280 1763 1348 erraticoS,
1803 1279 1895 1350 qui
1918 1301 1961 1334 15

130 1352 270 1405 13in
309 1372 415 1407 uno
462 1371 762 1421 numquam
806 1353 1019 1422 possint
1065 1351 1356 1405 consistere
1403 1353 1536 1406 loco.
1616 1353 1674 1407 Si
1713 1358 1894 1407 autem

217 1426 295 1480 sic
335 1428 693 1480 constitutum
729 1425 1022 1479 Saturnum
1061 1427 1145 1479 vel
1177 1428 1240 1479 de
1275 1427 1536 1495 quadrato
1574 1427 1661 1480 vel
1693 1428 1756 1480 de
1788 1428 1896 1481 dia—

217 1504 392 1554 metro
434 1506 572 1554 Mars
621 1501 918 1568 respexerit
964 1499 1050 1552 vel
1096 1501 1142 1552 si
1189 1519 1312 1553 cum
1358 1519 1420 1553 eo
1466 1501 1525 1553 in
1571 1501 1692 1570 ipso
1739 1502 1893 1573 signo

213 1573 404 1643 fuerit,
457 1574 621 1628 faciet
664 1575 897 1626 latentes
946 1574 1187 1641 corporis
1235 1574 1445 1626 dolores
1497 1574 1581 1627 vel
1627 1574 1892 1643 pthisicos

215 1649 583 1716 dysentericos
634 1651 710 1715 et,
757 1647 803 1699 si
850 1647 926 1699 sic
973 1665 1063 1699 eos
1103 1647 1312 1715 positos
1358 1648 1561 1700 nullius
1609 1648 1889 1702 benivolae
1914 1670 1958 1702 20

215 1722 405 1774 stellae
445 1722 675 1776 radiatio
715 1720 994 1790 mitigarit,
1033 1719 1196 1773 faciet
1235 1738 1349 1790 eos,
1389 1721 1480 1789 qui
1518 1721 1634 1773 nati
1672 1721 1893 1792 fuerint,

216 1814 279 1847 ex
318 1796 442 1848 istis
485 1793 871 1848 valitudinibus
911 1794 1165 1863 deperire.

132 1868 200 1920 14
363 1869 427 1922 111
454 1868 685 1937 septimo
710 1869 827 1920 loco
856 1867 1117 1920 Saturnus
1142 1868 1208 1920 ab
1233 1867 1533 1937 horoscopo
1559 1869 1888 1923 constitutus

215 1942 270 1994 id
309 1946 393 1996 est
431 1941 489 1997 in
528 1960 723 1996 occasu
760 1941 1053 2010 partiliter,
1102 1942 1148 1993 si
1194 1943 1490 1994 matutinus
1530 1941 1716 2010 fuerit,
1766 1942 1892 2012 (in)

216 2015 406 2069 diurna
446 2016 652 2071 scilicet
693 2015 962 2085 genitura,
1007 2016 1181 2068 bonus
1229 2016 1332 2067 erit
1378 2019 1433 2068 et
1471 2015 1762 2069 maximam
1801 2017 1889 2070 de·
1912 2038 1956 2071 25

216 2090 388 2143 cernit
420 2089 796 2157 substantiam,
834 2089 926 2141 sed
964 2091 1092 2142 tunc
1132 2107 1253 2141 cum
1283 2088 1486 2141 fuerint
1516 2090 1684 2142 limen
1715 2108 1890 2144 senec-

215 2164 352 2215 tutis
390 2163 647 2233 ingressi3
694 2163 984 2215 maximam
1031 2163 1173 2215 enim
1219 2163 1295 2214 sic
1337 2164 1548 2231 positus
1600 2164 1888 2217 senectutis

215 2235 448 2306 largitur
479 2241 711 2290 aetatem
743 2240 796 2289 et
818 2237 1165 2305 pecuniarum
1197 2237 1473 2288 custodem
1503 2236 1689 2306 faciet3
1720 2237 1888 2289 laten-

216 2309 355 2362 tium
385 2328 510 2363 vero
544 2328 828 2379 corporum
859 2310 1069 2363 dolores
1108 2309 1310 2377 indicit,
1351 2310 1480 2363 facit
1512 2309 1655 2363 enim
1686 2328 1889 2363 aemor-

366 2443 392 2482 3
433 2439 859 2494 quatulumcunque
897 2444 941 2482 M
986 2439 1299 2496 (-lamcunque
1345 2439 1467 2496 Sittl)
1525 2441 1531 2497 Ι
1587 2438 1763 2483 homini
1809 2454 1891 2496 pa-

218 2499 379 2540 ternae
411 2512 456 2553 σ,
497 2498 552 2541 de
585 2497 709 2541 omni
738 2501 872 2554 parte
904 2498 1156 2543 Mommsen
1211 2499 1217 2556 Ι
1273 2497 1514 2542 felicitatis
1553 2512 1652 2553 om,
1689 2498 1767 2542 sed
1796 2504 1891 2543 octo

217 2557 311 2610 fere
333 2557 416 2600 litt.
442 2557 590 2601 abras.
614 2561 652 2598 Β
736 2561 788 2599 11
823 2570 1004 2600 omnem
1025 2562 1058 2599 P
1142 2562 1196 2600 12
1229 2556 1488 2600 constuitur
1509 2562 1543 2600 P
1626 2561 1680 2600 13
1712 2570 1817 2600 eum
1840 2558 1889 2616 v]

219 2627 325 2658 cum
446 2620 499 2659 17
531 2614 832 2670 constitutus,
864 2629 976 2660 corr.
1009 2615 1058 2659 A'
1117 2617 1123 2674 Ι
1180 2614 1410 2672 quadrata
1440 2620 1484 2658 M
1540 2618 1546 2674 Ι
1603 2615 1660 2659 de
1695 2629 1777 2659 om.
1810 2621 1891 2659 ΡΒ

224 2678 278 2716 19
310 2673 501 2717 latentis
540 2678 619 2716 ΡΒ
675 2675 681 2731 1
735 2674 972 2730 pthysicos
1011 2680 1044 2717 P
1193 2678 1248 2717 20
1287 2673 1600 2718 dissintericos
1639 2678 1683 2716 m
1725 2674 1890 2730 desyn-

218 2733 401 2788 terycos
440 2737 474 2775 P
519 2731 822 2789 disyntericos
861 2737 899 2775 Β
937 2732 1261 2778 dissentericos
1296 2737 1334 2775 V
1454 2738 1507 2777 21
1547 2731 1808 2776 radiatione
1846 2739 1891 2776 M

220 2794 277 2832 22
307 2789 445 2834 histis
474 2795 519 2834 Π
667 2795 722 2834 23
755 2791 815 2833 ab
847 2790 917 2849 A‘]
950 2806 1054 2835 cum
1201 2796 1258 2835 24
1297 2791 1355 2850 si]
1395 2805 1447 2835 sa
1485 2797 1518 2835 P
1561 2806 1686 2836 evan.
1718 2793 1771 2835 in
1807 2797 1845 2834 Β

220 2849 327 2892 add.
358 2865 388 2892 a
521 2854 576 2894 25
616 2851 664 2893 et
700 2848 771 2907 A‘]
816 2849 855 2892 si
966 2855 1044 2894 26
1075 2850 1216 2894 fuerit
1246 2854 1324 2892 ΡΒ
1456 2856 1511 2895 28
1540 2850 1741 2894 latentes
1772 2867 1800 2893 a
1830 2865 1854 2895 c
1878 2886 1888 2895 .

221 2907 434 2953 addenda
552 2913 607 2952 29
640 2907 913 2952 emorroicos
945 2910 1078 2966 (idem
1111 2914 1209 2966 101,
1237 2910 1274 2964 3)
