2014 3202
658 724 925 783 LIBER
972 724 1368 785 TERTIUS.

786 861 1246 915 PROOEMIUM.
1284 851 1287 854 ’

124 976 150 1028 1
317 973 622 1026 Matheseos
678 991 853 1025 sermo
908 976 1057 1026 totus
1114 973 1207 1041 qui
1259 971 1496 1042 pertinet
1550 974 1616 1027 ad
1666 975 1847 1027 defini-

171 1050 376 1102 tionem
415 1047 866 1116 apotelesmatum
912 1047 970 1099 in
1017 1047 1310 1099 sententias
1357 1047 1736 1113 transferatur,
1782 1052 1844 1101 ut

169 1122 454 1192 patefactis
511 1119 759 1174 omnibus
815 1124 975 1190 atque
1040 1121 1380 1189 monstratiS,
1442 1139 1575 1190 quae
1638 1122 1843 1174 divini
1890 1144 1910 1176 5

167 1201 420 1249 veteres
461 1195 763 1264 ediderunt,
810 1194 1067 1247 studiosis
1106 1195 1327 1247 huiusce
1375 1196 1507 1247 artis
1546 1195 1676 1248 viris
1723 1198 1843 1248 tota

167 1270 476 1339 plenissime
522 1287 618 1338 per
655 1286 755 1321 nos
794 1268 1097 1321 insinuetur
1137 1269 1298 1321 huius
1337 1269 1650 1337 prudentiae
1690 1269 1842 1322 disci-

117 1344 328 1413 2plina.
394 1342 540 1396 Scire
577 1342 760 1411 itaque
798 1361 898 1395 nos
937 1341 1179 1411 principe
1211 1343 1268 1394 in
1299 1343 1418 1395 loco
1452 1346 1683 1411 oportet,
1721 1342 1842 1396 Lol-

165 1419 307 1470 liane
347 1418 507 1470 decus
553 1420 824 1484 nostrum,
872 1417 1016 1485 quod
1062 1417 1128 1468 ad
1166 1417 1460 1486 imaginem
1504 1416 1840 1486 speciemque

166 1492 351 1544 mundi
389 1491 618 1543 formam
656 1489 892 1542 hominis
933 1509 994 1542 ac
1034 1493 1239 1542 statum
1278 1494 1558 1558 totamque
1592 1491 1836 1543 substan·
1863 1512 1905 1544 ιο

165 1566 299 1617 tiam
338 1565 466 1616 deus
504 1564 596 1616 ille
635 1563 933 1616 fabricator
978 1563 1213 1616 hominis
1259 1566 1455 1616 natura
1501 1567 1837 1617 monstrante

163 1638 470 1708 perfecerit3
507 1655 634 1689 nam
673 1655 866 1705 corpus
897 1636 1133 1689 hominis
1173 1641 1235 1688 ut
1267 1637 1452 1688 mundi
1483 1655 1548 1689 ex
1581 1640 1839 1706 quattuor
1886 1673 1892 1677 -

163 1713 551 1765 elementorum
607 1711 988 1763 commixtione
1047 1710 1371 1779 composuit,
1433 1709 1575 1779 ignis
1632 1711 1837 1763 scilicet

164 1790 218 1838 et
266 1804 459 1855 aquae,
506 1785 642 1836 aeris
691 1788 746 1836 et
792 1787 990 1850 terrae,
1043 1787 1104 1836 ut
1151 1784 1391 1836 omnium
1437 1784 1668 1836 istorum
1714 1802 1835 1838 con·

161 1861 367 1912 iunctio
429 1861 729 1927 temperata
783 1858 983 1910 animal
1045 1858 1111 1910 ad
1165 1857 1395 1910 formam
1449 1857 1659 1910 divinae
1717 1859 1833 1910 imi·
1858 1880 1900 1912 15

163 1933 387 1987 tationis
442 1936 683 2001 ornaret,
750 1935 805 1984 et
865 1932 943 1984 ita
995 1931 1270 1984 hominem
1332 1930 1561 1984 artificio
1624 1932 1833 1985 divinae

160 2006 534 2061 fabricationis
575 2006 902 2075 composuit,
947 2008 1010 2057 ut
1054 2006 1111 2057 in
1148 2023 1313 2074 parvo
1355 2023 1576 2074 corpore
1620 2023 1833 2058 omnem

162 2082 549 2133 elementorum
594 2079 704 2132 vim
753 2083 913 2148 atque
961 2079 1321 2131 substantiam
1365 2083 1561 2131 natura
1608 2083 1832 2149 cogente

161 2155 443 2218 conferret,
474 2157 535 2206 ut
567 2153 747 2206 divino
781 2154 861 2205 illi
895 2152 1125 2222 spiritui,
1162 2153 1254 2221 qui
1287 2152 1352 2204 ad
1385 2153 1832 2205 sustentationem

160 2228 405 2280 mortalis
454 2227 693 2296 corporis
749 2245 813 2279 ex
861 2227 1080 2279 caelesti
1126 2229 1303 2278 mente
1355 2226 1648 2295 descendit,
1703 2227 1830 2279 licet
1853 2247 1896 2279 20

157 2301 350 2371 fragile
406 2301 498 2352 sed
544 2305 726 2352 tamen
772 2301 947 2353 simile
1003 2300 1200 2353 mundo
1254 2303 1469 2368 pararet
1515 2299 1827 2369 hospitium.

110 2374 279 2428 3Hac
311 2393 375 2427 ex
405 2391 568 2426 causa
597 2374 870 2426 hominem
902 2374 1057 2442 quasi
1087 2373 1348 2426 minorem
1385 2374 1648 2443 quendam
1679 2391 1828 2426 mun·

156 2449 282 2502 dum
329 2448 515 2500 stellae
562 2446 817 2516 quinque,
874 2446 967 2500 Sol
1025 2448 1191 2500 etiam
1240 2450 1294 2498 et
1341 2447 1492 2499 Luna
1538 2447 1712 2517 ignita
1765 2465 1827 2500 ac

301 2583 326 2620 2
358 2577 621 2621 addidimus
769 2582 794 2620 3
836 2576 916 2633 qui
954 2576 1219 2634 pertinebat
1258 2589 1405 2620 sermo
1444 2578 1589 2633 totus,
1629 2590 1741 2621 corr.
1779 2591 1824 2631 σ;

155 2681 207 2724 in
243 2681 481 2736 archetypo
521 2685 616 2723 erat
654 2679 734 2735 qui
772 2639 974 2735 pertinet
1018 2647 1164 2723 sermo
1203 2680 1328 2722 totus
1477 2685 1505 2722 4
1539 2679 1604 2722 ·V·
1636 2677 1686 2721 in
1723 2683 1826 2720 PRa

158 2745 184 2782 5
215 2738 462 2796 patefactis
487 2737 557 2796 A‘]
581 2737 805 2794 praefatis
899 2744 922 2781 7
954 2753 1036 2795 per
1059 2752 1140 2782 nos
1164 2740 1216 2782 in
1238 2738 1433 2791 confinio
1459 2739 1535 2782 lin.
1561 2734 1758 2795 yemi‘nat
1779 2741 1825 2779 Π

154 2803 180 2840 8
213 2799 268 2852 cf.
287 2797 395 2841 Boll
417 2797 532 2841 238ι
557 2797 727 2840 Manil.
744 2797 825 2839 IV
837 2801 932 2841 888
955 2798 1191 2853 Hermipp.
1218 2800 1292 2851 18,
1312 2806 1353 2836 14
1437 2802 1490 2840 12
1515 2797 1713 2852 quatuor
1734 2799 1824 2837 HV

157 2861 210 2898 15
241 2855 562 2900 immitationis
594 2859 638 2898 M
760 2860 811 2897 17
844 2856 1071 2912 exposuit,
1103 2869 1216 2900 corr.
1250 2869 1275 2898 σ
1305 2857 1398 2899 ‘nisi
1428 2856 1572 2900 mavis
1602 2853 1824 2910 expolivit

155 2918 211 2957 20
243 2914 412 2974 celeste
445 2920 502 2956 pa
620 2918 675 2957 22
707 2914 944 2957 mumdum
975 2919 1011 2956 Β
