2014 3202
217 109 286 162 96
742 95 744 97 ’
938 107 1166 153 1111111101

219 229 605 297 cataclysmum
634 229 752 281 fieri
785 231 840 281 et
869 246 969 282 nos
1002 229 1234 282 diximus
1275 231 1329 282 et
1360 229 1426 282 ab
1461 228 1710 282 omnibus
1751 248 1894 283 com-

217 303 492 371 probatur.
554 302 871 356 Substantia
902 303 1066 356 etiam
1096 302 1318 355 humani
1349 302 1590 372 corporis
1623 304 1891 372 completo
1945 334 1947 338 .

219 376 363 428 vitae
419 394 579 429 cursu
634 376 800 428 simili
854 377 1063 430 ratione
1119 376 1453 446 dissolvitur,
1515 379 1569 429 et
1623 377 1894 446 quotiens-

221 468 447 534 cumque
497 450 734 502 naturali
792 450 986 503 caloris
1041 451 1230 503 ardore
1285 469 1478 519 corpus
1531 450 1808 504 hominis,

218 523 379 576 nimis
419 524 660 576 laxatum
698 523 988 577 humorum
1025 522 1467 576 inundationibus
1508 527 1778 608 evaporat,
1816 525 1898 577 ita
1942 545 1962 579 5

222 616 433 666 semper
489 600 583 649 aut
628 596 805 667 ignito
854 597 1042 650 ardore
1096 597 1412 667 decoquitur
1461 601 1555 651 aut
1598 597 1768 650 nimia
1813 598 1898 651 de-

225 671 505 724 sudatione
545 670 874 724 dissolvitur.
943 670 1059 724 Nec
1099 671 1259 724 aliter
1295 672 1705 740 prudentissimi
1735 672 1899 724 medi-

224 745 371 797 cinae
428 744 561 797 artis
615 746 938 814 interpretes
994 745 1353 798 substantiam
1407 745 1631 798 humani
1686 745 1898 816 generis

222 817 456 871 naturali
510 818 866 886 pronuntiant
917 819 1022 871 fine
1078 817 1321 887 dissolvi,
1382 818 1489 872 nisi
1549 822 1644 872 aut
1703 819 1899 872 humor

223 892 407 962 ignem
461 892 769 945 dissolverit
821 895 916 944 aut
972 893 1147 946 calore
1201 890 1386 945 rursus
1448 892 1755 946 dominante
1810 911 1899 946 ex—
1923 914 1966 946 ιο

223 967 425 1019 tinctus
481 966 793 1019 medullitus
849 966 1068 1036 sanguis
1124 966 1339 1019 aruerit.
1417 964 1504 1018 Sic
1559 966 1900 1019 omnifariam

226 1040 292 1092 ad
330 1039 694 1093 imitationem
733 1041 918 1093 mundi
964 1039 1240 1092 hominem
1287 1038 1480 1092 artifex
1525 1043 1719 1093 natura
1758 1059 1899 1093 com-

224 1114 430 1182 posuit,
476 1118 563 1183 ut,
602 1114 856 1183 quicquid
895 1113 1256 1166 substantiam
1295 1112 1480 1166 mundi
1519 1117 1614 1166 aut
1652 1114 1900 1167 dissolvit

227 1191 321 1240 aut
345 1188 561 1258 format,
590 1187 694 1241 hoc
719 1188 883 1240 etiam
905 1188 1181 1240 hominem
1207 1191 1262 1239 et
1285 1186 1549 1240 formaret
1573 1190 1627 1239 et
1650 1186 1898 1240 solveret.

141 1260 206 1313 17
374 1261 483 1315 Gur
522 1265 703 1315 autem
742 1261 959 1314 initium
1000 1261 1280 1332 signorum
1317 1260 1424 1314 XII
1463 1262 1530 1314 ab
1562 1259 1747 1314 Ariete
1786 1279 1901 1314 esse
1926 1281 1967 1315 15

229 1335 531 1405 voluerunt,
569 1336 732 1388 etiam
763 1335 867 1391 hoc
908 1354 1050 1388 nunc
1082 1335 1457 1404 explicandum
1490 1335 1587 1402 [id]
1622 1338 1718 1403 est,
1758 1335 1900 1404 quod

227 1409 284 1460 in
321 1408 463 1462 libro
502 1408 866 1462 institutionis
907 1408 1340 1478 [explicavimus]
1388 1407 1633 1478 quaestio
1672 1408 1780 1461 ista
1818 1427 1902 1461 ex-

227 1482 418 1550 plicari
477 1502 588 1535 non
647 1485 885 1551 poterat,
945 1482 1051 1534 nisi
1110 1482 1304 1535 fuisset
1357 1482 1542 1535 mundi
1600 1485 1902 1535 monstrata

229 1556 501 1624 genitura,
556 1574 719 1624 quam
771 1556 828 1608 in
872 1555 1015 1608 libro
1067 1555 1426 1616 institutionis
1474 1555 1740 1625 explicare
1792 1574 1903 1608 non

229 1629 411 1698 debui,
465 1648 532 1682 ne
578 1630 735 1682 rudes
791 1628 1043 1682 discentis
1090 1629 1297 1682 animos
1345 1628 1612 1698 expositio
1659 1629 1767 1681 ista
1812 1629 1902 1682 ob·
1926 1650 1970 1682 20

147 1703 213 1756 18
232 1721 388 1756 scura
426 1703 873 1772 interpretatione
905 1703 1165 1755 turbaret.
1229 1702 1550 1755 Retractans
1588 1702 1771 1770 itaque
1812 1719 1902 1772 ge-

230 1777 466 1829 nituram
511 1777 718 1846 mundi,
767 1794 928 1845 quam
974 1775 1205 1829 diximus
1249 1795 1281 1829 a
1320 1774 1732 1844 sapientissimis
1770 1775 1901 1829 viris

230 1851 646 1933 prudentissime
686 1868 802 1903 esse
842 1850 1214 1919 compositam,
1251 1850 1431 1902 inveni
1468 1847 1583 1902 MC.
1625 1848 1903 1919 geniturae

231 1925 287 1976 in
315 1924 500 1977 Ariete
534 1943 648 1977 esse
680 1924 935 1993 positum.
996 1923 1078 1976 Ob
1117 1924 1221 1977 hoc
1258 1924 1457 1993 itaque,
1496 1924 1622 1992 quia
1659 1923 1903 1992 frequent

231 2001 329 2066 ter,
366 1999 533 2051 immo
574 2016 786 2067 semper
820 1997 935 2052 MC.
975 1998 1033 2050 in
1071 1997 1320 2050 omnibus
1360 1996 1622 2067 genituris
1661 1997 1908 2065 possidet
1927 2017 1969 2050 25

231 2071 595 2141 principatum
634 2075 688 2124 et
724 2072 851 2140 quia
889 2071 978 2124 hic
1009 2072 1158 2124 100118
1191 2089 1352 2139 supra
1382 2070 1617 2139 primum
1648 2071 1905 2124 verticem

235 2149 317 2197 est
365 2149 420 2197 et
466 2146 593 2214 quia
632 2164 698 2198 ex
734 2146 837 2199 hoc
875 2146 995 2198 loco
1034 2145 1203 2198 totius
1243 2145 1519 2214 geniturae
1558 2144 1905 2197 fundamenta

236 2218 556 2289 colligimus,
597 2222 860 2287 oportune
900 2237 964 2271 ex
997 2219 1101 2272 hoc
1135 2219 1290 2288 signo
1329 2218 1546 2270 initium
1586 2218 1756 2288 signis
1796 2236 1906 2270 om-

233 2291 394 2344 nibus
435 2293 620 2345 datum
659 2296 766 2362 est,
810 2293 1128 2362 praesertim
1177 2311 1298 2344 cum
1338 2292 1572 2344 maxima
1607 2309 1732 2360 pars
1781 2291 1904 2343 stel-

234 2365 424 2434 larum,
456 2366 548 2418 sed
580 2369 635 2417 et
667 2368 825 2418 ambo
857 2366 1076 2435 lumina,
1107 2366 1162 2418 id
1196 2369 1280 2418 est
1314 2364 1406 2418 Sol
1439 2369 1494 2418 et
1524 2364 1692 2432 Luna,
1724 2365 1903 2417 radios
1928 2385 1972 2417 30

386 2542 409 2582 1
435 2538 667 2582 -clismum
689 2543 778 2581 MV
859 2545 889 2584 4
912 2543 1172 2596 -cunqueM
1199 2540 1205 2596 Ι
1231 2539 1459 2582 naturalis
1484 2544 1545 2581 12⁸¹
1564 2538 1571 2597 Ι
1592 2539 1674 2583 Zac.
1698 2537 1860 2582 statuit
1883 2551 1908 2580 σ

238 2602 263 2640 5
296 2598 534 2641 humorem
563 2602 596 2640 P
623 2599 630 2657 Ι
663 2597 733 2641 ita
762 2603 814 2642 ut
843 2600 1041 2643 mundus
1069 2613 1127 2643 sc.
1248 2602 1273 2641 6
1306 2597 1616 2654 dequoquitur
1645 2600 1690 2639 u
1717 2599 1722 2651 Ι
1750 2595 1907 2638 dessu-

239 2656 427 2700 datione
458 2661 496 2699 V
630 2661 681 2699 11
716 2656 903 2713 sanguis
935 2658 982 2716 κ]
1013 2657 1137 2714 ignis
1167 2658 1268 2713 (om.
1299 2659 1360 2713 u)
1497 2661 1551 2699 15
1583 2657 1640 2711 cf.
1674 2655 1822 2699 Macr.
1856 2656 1909 2698 in

237 2729 376 2759 somn.
394 2717 512 2771 121,
521 2726 564 2757 23
588 2716 735 2759 Procl.
753 2716 805 2758 in
824 2716 937 2760 Tim.
956 2721 1040 2760 30a
1061 2716 1297 2771 Hermipp.
1314 2720 1441 2768 52,10
1465 2715 1598 2759 Diels
1619 2714 1802 2770 dooeoqr.
1817 2717 1909 2757 196

243 2778 389 2818 16.17
422 2788 534 2819 corr.
566 2791 594 2818 κ
686 2779 739 2817 17
773 2774 1116 2818 constitutionis
1147 2778 1192 2816 Μ
1294 2778 1346 2817 18
1378 2775 1596 2830 poterant
1623 2777 1668 2815 M
1758 2777 1812 2815 20
1845 2787 1908 2816 cm

242 2831 551 2876 discentium?
669 2837 727 2875 24
757 2834 813 2887 cf.
841 2836 913 2886 64,
938 2845 980 2875 10
1012 2834 1182 2878 Manil.
1213 2833 1275 2876 ΙΙ
1300 2836 1392 2877 810
1525 2837 1581 2877 26
1612 2831 1662 2874 111
1694 2844 1907 2887 supremo

240 2891 408 2934 vertice
439 2909 467 2935 κ
587 2896 642 2934 27
674 2892 761 2934 1100
791 2904 873 2935 om.
904 2897 942 2933 V
