2014 3202
244 152 351 204 226
965 151 1192 196 FIRMICI

243 271 373 341 poni
429 274 521 323 aut
574 275 908 340 privatarum
960 272 1139 324 litium
1193 272 1393 326 iudices
1443 272 1575 326 facit
1620 276 1674 325 et
1721 292 1785 326 ex
1829 273 1926 326 his.

245 345 455 398 actibus
496 345 730 397 maxima
774 344 1094 398 facultatum
1140 346 1468 398 incrementa
1515 346 1776 413 decernit,
1823 347 1916 399 sed

245 422 299 471 et
352 418 629 471 felicitatis
683 419 914 488 largitur
964 419 1226 488 insignia3
1282 420 1401 471 aliis
1451 420 1777 473 hereditates
1831 420 1916 472 de·

244 493 434 559 cernit,
471 491 605 544 alios
645 510 729 544 res
771 492 1037 560 depositas
1079 496 1133 544 et
1171 493 1459 546 absconsas
1499 494 1735 546 invenire
1775 511 1914 547 com-

242 566 414 635 pellit,
455 565 595 634 apud
634 565 768 618 alios
808 584 892 617 res
934 567 1336 619 commendatae
1375 570 1653 620 remanent
1686 570 1741 620 et
1772 567 1912 636 apud
1946 587 1983 620 ⁷5

244 657 336 693 eos
378 641 491 691 sine
532 638 734 691 fraudis
773 637 906 692 vitio
953 644 1320 708 perseverant,
1365 645 1427 693 ut
1476 659 1539 693 ex
1585 641 1705 694 istis
1752 641 1912 693 rebus

242 712 417 783 gloria
464 716 518 766 et
567 711 874 765 substantia
919 713 1027 765 illis
1075 716 1128 765 et
1180 732 1379 784 magna
1427 714 1658 768 felicitas
1705 732 1915 783 compa-

240 790 404 839 retur.

192 863 221 914 7
392 860 442 913 A
488 860 807 913 Mercurio
853 858 1025 912 Luna
1077 859 1152 912 ad
1200 859 1480 914 Martem.
1556 861 1606 914 A
1644 861 1911 914 Mercurio

243 934 480 987 defluens
519 933 674 986 Luna
720 935 765 986 si
803 933 1009 986 feratur
1055 933 1122 986 ad
1160 933 1392 987 Martem
1429 935 1487 987 in
1533 935 1724 988 diurna
1769 935 1912 1004 geni·
1936 955 1980 988 10

240 1011 363 1061 tura
403 1011 457 1061 et
497 1006 568 1060 sit
606 1006 760 1060 Luna
799 1025 1041 1060 crescens
1081 1008 1165 1060 vel
1204 1007 1364 1076 plena
1401 1009 1711 1075 luminibus,
1749 1007 1912 1061 faciet

239 1082 582 1152 inreligiosos
637 1081 880 1151 periuros
934 1080 1153 1134 fallaces
1213 1085 1268 1133 et
1315 1099 1542 1150 quorum
1589 1082 1800 1134 malitia
1845 1082 1912 1134 ad

244 1174 401 1208 omne
439 1155 648 1208 facinus
687 1173 782 1224 per
821 1155 933 1207 dies
973 1155 1215 1225 singulos
1247 1159 1465 1209 crescat.
1525 1155 1703 1208 Erunt
1734 1155 1913 1208 effrac-

242 1232 389 1282 tores
429 1229 572 1282 fures
614 1232 668 1282 et
707 1227 799 1297 qui
836 1228 1039 1296 templa
1077 1228 1340 1299 sacrilego
1374 1229 1554 1282 furore
1587 1247 1798 1298 semper
1829 1247 1911 1281 ex-

235 1304 427 1373 pilent3
469 1306 624 1356 erunt
654 1303 892 1355 latrones
923 1302 1221 1355 homicidae
1254 1307 1309 1355 et
1339 1304 1406 1356 ad
1436 1321 1591 1356 neces
1623 1302 1903 1356 hominum
1927 1323 1970 1356 15

237 1395 445 1447 semper
496 1376 710 1445 armati3
765 1377 857 1428 sed
902 1376 958 1427 in
1010 1375 1096 1428 his
1152 1377 1523 1446 comprehensi
1572 1376 1902 1430 facinoribus

236 1451 509 1504 custodiae
548 1450 774 1503 vinculis
815 1450 1147 1518 carcerisque
1186 1450 1473 1503 traduntur
1512 1453 1567 1503 et
1605 1449 1785 1521 gladio
1827 1468 1903 1503 se-

235 1542 362 1577 vera
411 1524 602 1577 iudicis
654 1523 1112 1576 animadversione
1163 1524 1474 1592 plectuntur
1518 1527 1612 1577 aut
1659 1523 1905 1593 quolibet

235 1615 429 1668 genere
470 1598 538 1649 ob
577 1596 708 1649 haec
745 1596 985 1649 facinora
1022 1596 1343 1650 biothanata
1384 1601 1556 1650 morte
1596 1598 1900 1666 depereunt.

183 1672 216 1726 8
236 1670 292 1723 Si
342 1667 467 1724 vero
518 1670 590 1723 sit
638 1674 901 1723 nocturna
951 1669 1272 1739 <genitura>
1322 1674 1377 1723 et
1423 1689 1454 1723 a
1500 1670 1768 1724 Mercurio
1817 1669 1899 1722 de·
1924 1691 1968 1723 20

233 1745 404 1798 fluens
451 1743 604 1797 Luna
647 1744 806 1812 plena
854 1743 939 1795 vel
991 1760 1231 1796 crescens
1284 1743 1489 1796 feratur
1543 1744 1609 1795 ad
1654 1743 1902 1813 Martem,

233 1818 365 1871 facit
403 1819 561 1871 duces
602 1835 663 1870 ac
701 1817 947 1869 tribunos
995 1817 1242 1884 militum,
1290 1818 1381 1869 sed
1420 1817 1687 1869 terribiles
1728 1820 1782 1870 et
1820 1820 1901 1885 ty-

232 1892 466 1945 rannicis
512 1891 876 1960 potestatibus
929 1890 1237 1943 sublevatos
1248 1933 1261 1958 ‚
1312 1890 1397 1942 vel
1451 1890 1755 1943 defensores
1807 1893 1901 1942 aut

231 1965 502 2035 praesides
531 1965 831 2032 civitatum,
869 1964 960 2015 sed
990 1964 1080 2033 qui
1103 1982 1396 2033 numquam
1418 1964 1476 2016 in
1502 1963 1731 2017 istarum
1754 1966 1900 2033 pote-

233 2042 437 2092 statum
467 2038 684 2091 licentia
713 2040 1052 2107 perseverent
1083 2040 1137 2090 et
1169 2037 1259 2106 qui
1291 2037 1439 2090 vario
1473 2055 1665 2108 genere
1691 2055 1899 2106 semper
1922 2057 1965 2091 25

233 2113 527 2182 offendant3
545 2130 772 2181 quorum
785 2111 877 2164 alii
889 2113 1173 2163 vertuntur
1187 2111 1244 2162 in
1259 2110 1459 2181 fugam,
1484 2111 1577 2164 alii
1600 2111 1658 2164 in
1681 2110 1899 2163 exilium

233 2187 440 2254 dantur,
466 2186 558 2239 alii
581 2185 887 2238 biothanati
910 2185 1197 2254 intereunt,
1220 2185 1539 2253 praesertim
1564 2185 1610 2237 si
1626 2185 1683 2237 in
1705 2184 1899 2254 princi-

181 2260 442 2328 9palibus
483 2259 761 2329 geniturae
799 2258 932 2312 locis
972 2257 1118 2310 Mars
1158 2261 1211 2310 et
1249 2257 1400 2311 Luna
1437 2258 1639 2311 fuerint
1676 2258 1896 2311 inventi.

234 2332 292 2386 Si
323 2351 448 2386 vero
482 2334 539 2385 in
570 2332 789 2385 deiectis
822 2330 1100 2402 geniturae
1135 2331 1269 2384 locis
1303 2350 1334 2384 a
1363 2331 1630 2385 Mercurio
1663 2331 1895 2384 defluens

379 2525 401 2563 1
434 2519 711 2578 priuitarum
742 2525 819 2562 PB
846 2522 852 2575 Ι
881 2521 928 2563 et
957 2520 1081 2578 Sittl]
1120 2522 1201 2563 aut
1336 2524 1360 2562 2
1395 2519 1475 2563 sed
1507 2521 1554 2562 et
1585 2518 1708 2576 Sittl]
1741 2517 1897 2561 credet

229 2585 257 2623 4
290 2579 523 2636 depositas
555 2581 603 2623 et
633 2580 689 2637 A]
723 2578 955 2634 depositas
987 2578 1068 2622 sed
1098 2583 1142 2620 Μ
1175 2577 1388 2634 deposita
1420 2577 1499 2621 sed
1526 2581 1604 2619 PR
1723 2581 1749 2619 5
1783 2579 1898 2632 aput

229 2643 415 2694 utroque
441 2639 531 2683 loco
554 2642 599 2680 Π
691 2641 715 2679 7
748 2636 1012 2681 substantia
1041 2637 1136 2680 illis
1168 2639 1215 2680 et
1243 2649 1414 2693 magna
1439 2634 1701 2678 substantia
1725 2636 1772 2677 et
1794 2634 1896 2678 feli-

230 2697 346 2740 citas
377 2701 421 2739 u
533 2701 559 2740 9
589 2696 630 2739 Α
660 2708 811 2739 merec
843 2696 1044 2739 defluens
1072 2700 1116 2738 Π
1230 2700 1283 2738 16
1316 2693 1534 2751 cophensi
1557 2698 1590 2735 P
1711 2698 1764 2736 17
1798 2707 1895 2736 car-

232 2754 414 2811 cerique
445 2772 472 2799 κ
507 2757 513 2812 Ι
549 2753 706 2812 gladio
736 2758 773 2795 B
804 2768 904 2797 cum
933 2769 1021 2799 ras.
1055 2759 1153 2810 post
1183 2755 1229 2812 o]
1261 2753 1440 2811 gladios
1473 2756 1558 2795 MP
1593 2754 1598 2807 Ι
1634 2765 1791 2795 severa
1822 2751 1893 2810 A']

228 2827 339 2857 uera
460 2819 513 2858 18
545 2811 725 2857 inditiis
748 2816 793 2855 Π
822 2812 1007 2856 iudiciis
1035 2818 1067 2855 P
1188 2816 1244 2855 20
1275 2812 1379 2855 add.
1406 2809 1496 2859 QA‘
1619 2815 1674 2853 22
1706 2810 1892 2866 milites,

228 2886 339 2916 corr.
374 2873 478 2917 Sittz
568 2877 623 2916 24
655 2871 736 2915 sed
766 2870 891 2928 Sittl]
925 2874 1006 2914 aut
1095 2876 1149 2915 26
1181 2871 1434 2925 uertantur‚
1466 2883 1577 2914 corr.
1611 2885 1637 2912 a
1730 2874 1783 2912 29
1817 2869 1895 2912 de-

227 2929 374 2987 fectis,
406 2945 515 2975 corr.
549 2930 597 2973 A'
