2014 3202
829 109 893 153 IV
919 113 987 166 12,
1011 113 1163 165 9—13‚
1188 121 1221 154 5.
1756 103 1861 162 221
1902 91 1905 93 ’

179 231 454 285 amabiles.
530 229 589 283 Si
635 247 759 283 vero
799 247 831 281 a
869 229 1081 282 Venere
1127 230 1364 282 defluens
1406 229 1619 283 minuta
1658 229 1915 283 lumine2

181 307 246 358 ad
295 304 621 358 Mercurium
666 303 892 371 feratur,
940 303 1075 356 vitia
1119 302 1466 372 impuritates
1516 304 1864 359 valitudines-

182 397 286 449 que
324 379 576 446 decernit,
623 380 774 430 actus
821 395 946 430 vero
987 377 1164 430 varios
1206 377 1644 448 multiplicesque
1677 378 1863 431 faciet:

181 457 276 507 aut
314 456 555 506 oratores
595 455 687 503 aut
726 455 1033 504 tornatores
1067 455 1161 504 aut
1193 452 1398 520 plastas
1434 455 1531 504 aut
1565 452 1864 520 sculptores

133 549 153 581 5
177 527 342 581 faciet
379 525 541 595 (aut)
586 524 975 595 pigmentarios
1023 529 1118 577 aut
1165 525 1363 579 coloris
1412 529 1721 595 repertores
1770 529 1863 578 aut

178 600 569 669 farmacopolas
623 603 718 651 aut
771 599 1080 668 popinarios
1131 598 1263 652 facit
1314 603 1370 652 et
1420 599 1515 668 qui
1564 599 1862 652 alienarum

177 675 520 743 voluptatum
558 676 613 725 et
651 672 1068 726 delectationum
1107 691 1291 726 curam
1330 673 1862 743 sollicitudinemque

183 748 500 801 sustineant.

323 822 370 874 A
413 820 660 873 Venere
701 821 871 873 Luna
918 822 992 874 ad
1032 819 1392 874 Saturnum.
1476 819 1534 874 Si
1581 839 1613 873 a
1651 817 1913 874 Venere3

12 888 26 930 ’-
103 901 154 950 1ο
179 895 413 948 defluens
460 894 616 948 Luna
661 895 727 947 ad
774 893 1067 947 Saturnum
1114 894 1342 962 feratur,
1398 895 1445 947 si
1496 895 1569 947 sit
1616 913 1859 948 crescens

179 973 274 1022 aut
303 969 464 1038 plena
493 969 789 1021 luminibus
822 973 877 1021 et
909 969 981 1022 sit
1010 972 1275 1022 nocturna
1308 968 1578 1039 genitura,
1616 973 1710 1021 aut
1741 986 1861 1038 pro-

175 1046 358 1096 vectae
410 1043 606 1095 aetatis
657 1042 808 1095 dabit
854 1060 1077 1095 uxorem
1120 1046 1214 1095 aut
1255 1043 1535 1111 publicam
1579 1043 1861 1096 mulierem

177 1117 242 1169 ad
283 1117 614 1170 consortium
655 1116 763 1170 tori
810 1116 1037 1187 genialis
1084 1116 1301 1170 adducit
1341 1119 1436 1169 aut
1485 1134 1549 1169 ex
1592 1117 1859 1169 adfinibus

178 1190 413 1260 aliquam
457 1191 684 1243 sortitur
721 1207 958 1258 uxorem,
995 1194 1058 1243 ut
1097 1191 1365 1260 praesidio
1398 1194 1587 1243 tamen
1619 1191 1860 1260 coniugii

113 1286 154 1319 15
177 1264 399 1317 honoris
439 1265 735 1334 principem
780 1265 960 1317 locum
1000 1267 1054 1317 et
1099 1265 1433 1317 incrementa
1476 1264 1763 1334 dignitatis
1803 1268 1860 1317 et

178 1338 537 1408 promotionis
576 1338 814 1409 insignia
852 1342 1228 1407 consequatur.
1306 1336 1366 1390 Si
1406 1357 1534 1391 vero
1576 1356 1608 1390 a
1649 1336 1914 1391 Venere4

179 1413 387 1464 minuta
425 1412 662 1465 defluens
694 1413 845 1465 Luna
877 1412 933 1464 in
963 1412 1155 1465 diurna
1190 1411 1442 1482 genitura
1474 1412 1542 1464 ad
1567 1410 1861 1464 Saturnum

178 1486 395 1552 feratur,
433 1486 565 1539 facit
603 1486 832 1555 passivis
868 1487 1155 1539 libidinum
1187 1485 1580 1555 cupiditatibus
1612 1489 1772 1539 notos
1807 1489 1861 1538 et

178 1560 390 1613 vitiosis
430 1560 801 1629 voluptatibus
841 1560 1049 1613 deditos
1081 1564 1137 1612 et
1169 1559 1263 1629 qui
1294 1578 1359 1612 ex
1389 1559 1700 1612 libidinosis
1734 1560 1861 1614 acti-

111 1656 155 1687 20
178 1634 279 1686 bus
320 1634 507 1686 crebra
551 1634 834 1703 pulsentur
872 1634 1116 1703 infamia3
1166 1637 1324 1686 erunt
1372 1646 1501 1686 sane
1550 1637 1737 1703 turpes
1778 1642 1860 1687 e'r-

177 1707 336 1760 ratici
376 1711 430 1760 et
477 1708 658 1760 servili
704 1708 997 1760 deiectione
1045 1708 1256 1777 miseri,
1300 1708 1572 1760 locatores
1620 1708 1860 1760 meretri-

178 1799 300 1834 cum
340 1785 433 1834 aut
472 1784 614 1835 certe
652 1782 886 1834 lenones
965 1781 1024 1835 Si
1063 1800 1191 1835 vero
1230 1781 1474 1834 mulieris
1515 1782 1589 1834 sit
1628 1782 1737 1834 ista
1769 1799 1860 1852 ge-

176 1855 372 1921 nitura,
412 1854 515 1907 erit
554 1855 771 1924 publica
808 1858 1064 1909 meretrix
1102 1859 1158 1909 et
1197 1874 1334 1924 quae
1374 1856 1519 1908 vitae
1558 1854 1860 1908 subsidium

176 1927 235 1980 in
287 1898 504 1997 publico
562 1931 860 1983 constituta
917 1930 1039 1983 loco
1092 1930 1313 1999 pudoris
1368 1929 1581 1982 iactura
1637 1932 1860 1997 quaerat

110 2022 154 2056 25
179 2017 416 2071 corpore.
494 2001 552 2056 Si
601 2021 728 2056 vero
769 2022 801 2055 a
838 2002 1048 2056 Venere
1095 2003 1332 2055 defluens
1372 2003 1429 2054 in
1467 2005 1735 2055 nocturna
1771 2019 1859 2073 ge·
1877 2000 1911 2054 5

179 2075 361 2127 nitura
414 2074 624 2129 minuta
674 2076 968 2129 luminibus
1019 2078 1085 2129 ad
1133 2075 1428 2129 Saturnum
1480 2075 1710 2141 feratur,
1764 2080 1861 2129 aut

182 2149 392 2201 steriles
417 2153 511 2201 aut
543 2150 814 2203 eunuchos
846 2154 940 2203 aut
965 2149 1291 2220 archigallos
1318 2153 1413 2202 aut
1437 2148 1858 2204 hermafroditos

179 2221 342 2275 faciet
381 2226 475 2275 aut
515 2227 657 2276 certe
697 2223 851 2292 tales,
890 2224 981 2292 qui
1013 2223 1299 2276 muliebria
1328 2222 1445 2292 pati
1477 2223 1705 2276 miserae
1737 2224 1859 2276 libi-

181 2296 320 2348 dinis
376 2301 639 2367 cogantur
677 2297 890 2365 ardore3
949 2301 1108 2350 erunt
1160 2315 1288 2350 sane
1345 2296 1710 2368 oligochronii
1764 2301 1859 2350 aut

327 2505 349 2544 1
383 2499 492 2544 min.
524 2504 615 2543 HR
654 2499 834 2544 minuto
864 2505 897 2543 P
935 2500 1117 2544 minuta
1150 2498 1243 2550 QA'
1395 2505 1424 2544 4
1457 2494 1683 2559 oratores]
1723 2514 1858 2545 orna-

178 2561 302 2604 tores
334 2559 532 2605 Mueller
560 2561 613 2604 cl.
639 2563 751 2613 139,
774 2569 829 2603 23.
861 2562 975 2613 231,
997 2570 1019 2601 8
1027 2578 1045 2615 ;
1083 2574 1147 2604 an
1184 2561 1267 2603 aut
1306 2573 1368 2604 or.
1403 2559 1524 2604 dd?
1580 2561 1587 2617 Ι
1643 2561 1856 2617 tortores,

177 2632 290 2663 corr.
315 2636 344 2663 κ
447 2624 472 2663 5
502 2620 649 2676 suppl.
675 2617 722 2661 A'
753 2618 760 2676 Ι
788 2618 992 2663 0010111111
1014 2617 1064 2662 Δ’
1168 2624 1194 2663 6
1225 2618 1376 2664 forma
1401 2617 1590 2675 copalas
1613 2623 1659 2662 Μ
1689 2618 1857 2663 forma⁴

179 2691 370 2763 copsslas
401 2712 434 2750 P
479 2690 819 2764 formacopiiles
858 2711 895 2749 B
943 2709 950 2765 Ι
997 2707 1266 2765 papinarios
1305 2712 1339 2750 P
1484 2711 1539 2750 12
1571 2706 1784 2766 daldabit
1811 2712 1858 2750 Π

180 2782 235 2822 18
259 2780 383 2824 thori
406 2786 439 2824 P
469 2770 562 2825 tori
584 2786 623 2824 R
714 2786 768 2825 14
795 2779 995 2837 aliquem
1018 2786 1052 2824 P
1077 2783 1084 2841 Ι
1111 2783 1184 2850 ut]
1209 2783 1292 2825 aut
1315 2785 1348 2823 P
1451 2785 1506 2824 18
1529 2782 1680 2835 natm,
1704 2794 1818 2824 corr
1831 2794 1858 2824 σ

179 2841 235 2880 21
268 2838 547 2896 defectione,
578 2854 691 2885 corr.
724 2857 751 2884 a
900 2845 955 2884 25
988 2840 1212 2898 corporis,
1244 2854 1356 2885 corr
1389 2854 1456 2884 κσ
1494 2840 1500 2896 Ι
1539 2852 1766 2896 generura
1795 2842 1858 2882 Β·

179 2900 234 2939 27
267 2898 566 2943 ermafrOdito
589 2904 634 2942 n
754 2903 810 2943 28
841 2899 1068 2944 mulebria
1091 2904 1129 2943 B
1148 2901 1153 2960 Ι
1172 2899 1299 2957 patri
1322 2903 1356 2941 P
1478 2903 1533 2941 29
1566 2897 1856 2955 oligochroni
