2014 3202
217 122 324 175 250
939 120 1166 165 FIRMICI

215 243 340 294 lime
395 242 663 311 digerant3
726 239 955 310 <erunt>
1009 260 1135 294 sane
1190 242 1246 293 in
1307 240 1453 293 omni
1506 240 1620 293 vita
1673 239 1916 311 nobiles·
1996 234 2005 293 ζ

215 316 421 383 mundi,
441 319 513 367 ‘et
552 334 781 384 quorum
818 314 932 367 vita
970 316 1179 367 animus
1220 317 1274 367 et
1313 313 1625 367 institutum
1662 314 1884 368 musicis

133 390 195 443 18
215 406 423 457 semper
483 388 930 442 delectationibus
991 388 1341 441 inhaerescat.
1435 386 1539 441 Sed
1599 387 1732 440 haec
1783 406 1883 457 pro

215 463 493 531 signorum
532 479 593 514 ac
623 462 864 514 locorum
897 462 1157 530 qualitate
1191 465 1382 515 cuncta
1415 461 1667 514 decernit.
1732 460 1883 514 Facit

214 535 355 587 enim
400 535 457 587 i‘n
503 535 722 588 deiectis
768 534 901 588 10618
946 534 1128 604 posita
1173 539 1228 588 et
1266 536 1545 605 geniturae
1585 534 1883 596 dominium
1927 556 1949 589 5

213 609 409 661 sortita
449 609 762 678 organarios
801 609 1036 677 pictores
1076 609 1169 662 sed
1199 610 1292 678 qui
1322 610 1562 679 integras
1597 627 1883 678 corporum

214 681 588 734 similitudines
634 682 875 752 pingant.
959 681 1025 734 In
1069 683 1455 751 principalibus
1511 685 1691 735 autem
1738 683 1884 752 geni-

212 759 365 808 turae
411 755 544 808 ]ocis
592 756 771 824 posita
815 755 977 808 faciet
1024 755 1199 808 claros
1246 759 1301 808 et
1348 755 1739 808 diadematibus
1787 758 1882 808 aut

212 830 387 882 aureis
427 848 747 882 coronarum
784 829 970 882 infulis
1004 832 1304 898 coronatOS,
1343 847 1614 882 sacrarum
1646 828 1880 897 discipli-

209 921 397 957 narum
461 906 785 972 repertoreS,
848 907 902 955 et
963 903 1105 955 viros
1168 902 1454 955 mulierum
1515 906 1569 955 et
1630 902 1879 955 mulieres
1905 924 1949 956 ιο

127 977 194 1029 19
213 977 449 1029 virorum
503 977 659 1030 bonis
715 977 995 1030 affectibus
1052 976 1331 1047 obligabit.
1416 974 1520 1028 Sed
1573 976 1880 1045 vespertina

211 1050 526 1103 mulieribus
578 1051 897 1119 opitulatur,
953 1050 1221 1102 matutina
1274 1068 1400 1103 vero
1454 1049 1607 1119 viris3
1659 1050 1760 1102 bac
1815 1068 1881 1102 ex

210 1142 370 1176 causa
414 1124 643 1177 biforme
688 1142 886 1177 numen
925 1123 1150 1177 Veneris
1199 1142 1313 1176 esse
1353 1123 1618 1176 dixerunt.
1692 1122 1880 1176 Faciet

209 1197 352 1249 enim
396 1197 650 1251 fecundos
699 1201 753 1250 et
798 1198 972 1250 multa
1018 1197 1204 1250 subole
1252 1197 1543 1267 gaudentes
1590 1199 1645 1249 et
1684 1197 1879 1266 quibus

210 1290 241 1323 a
277 1271 492 1324 filiabus
539 1271 773 1324 maxima
819 1271 1028 1324 laetitia
1074 1271 1402 1340 conferatur,
1447 1271 1538 1323 sed
1575 1270 1711 1323 vitia
1747 1269 1879 1324 facit
1903 1290 1945 1324 15

209 1344 349 1397 circa
385 1346 654 1398 naturalia
694 1349 749 1398 et
786 1344 1109 1413 necessaria,
1156 1348 1357 1398 mortes
1397 1363 1523 1397 vero
1562 1347 1719 1397 notas
1760 1344 1880 1414 glo—

207 1418 484 1487 riosasque
539 1419 789 1472 decernit.
879 1418 980 1472 Sed
1034 1422 1088 1472 et
1139 1419 1300 1472 huius
1356 1418 1544 1471 sideris
1587 1418 1879 1485 -mixturaS,

208 1509 329 1543 cum
374 1492 626 1545 habuerit
679 1493 998 1560 dominium,
1055 1492 1195 1546 sicut
1246 1496 1546 1545 ceterarum
1597 1491 1878 1544 stellarum

207 1563 455 1634 diligenti
508 1567 762 1618 debemus
815 1566 1165 1635 inquisitione
1220 1566 1496 1636 colligere,
1551 1563 1874 1618 conditionis

118 1638 190 1690 20
208 1638 372 1690 etiam
417 1642 757 1707 potestatem.
833 1638 976 1692 Nam
1023 1640 1070 1692 si
1113 1639 1171 1691 in
1215 1642 1479 1692 nocturna
1525 1638 1775 1708 genitura
1819 1638 1877 1690 in
1900 1659 1944 1691 20

209 1711 396 1779 quinto
452 1713 519 1765 ab
574 1713 875 1781 horoscopo
933 1712 1052 1766 1060
1105 1713 1191 1764 vel
1243 1713 1302 1764 in
1349 1713 1628 1764 undecimo
1682 1710 1767 1763 vel
1819 1711 1878 1763 in

204 1783 506 1854 horoscopo
545 1786 628 1838 vel
667 1785 725 1838 in
755 1784 871 1839 MC.
903 1786 1068 1838 fuerit
1105 1786 1323 1838 inventa
1360 1786 1446 1838 vel
1484 1785 1542 1837 in
1579 1785 1737 1837 domo
1779 1802 1876 1837 sua

205 1858 289 1910 vel
327 1858 384 1911 in
424 1859 709 1911 altitudine
742 1878 839 1912 sua
869 1859 951 1911 vel
983 1859 1269 1911 infinibus
1303 1859 1414 1911 suis
1447 1862 1501 1911 et
1533 1877 1563 1910 a
1595 1858 1874 1911 deficiente

205 1930 357 1984 Luna
403 1932 699 1985 dominium
745 1933 1010 2001 acceperit
1057 1935 1111 1985 et
1158 1951 1275 1984 eam
1322 1932 1565 2001 Iuppiter
1610 1933 1744 1984 bene
1783 1950 1876 2000 po-

206 2005 340 2058 situs
396 2006 664 2076 trigonica
717 2005 1015 2059 radiatione
1068 2005 1323 2075 respiciat
1377 2006 1459 2058 vel
1508 2005 1554 2058 si
1599 2004 1754 2058 Luna
1807 2005 1875 2058 ad
1897 2026 1940 2059 25

204 2096 320 2131 eam
368 2079 481 2132 sine
527 2080 841 2132 testimonio
890 2077 1112 2133 Saturni
1161 2079 1366 2132 feratur
1412 2079 1622 2132 minuta
1659 2078 1873 2131 lumini·

202 2152 326 2219 bus,
380 2171 566 2205 aureas
619 2156 927 2222 praetextas
983 2157 1058 2206 etv
1092 2153 1457 2206 consularium
1509 2152 1737 2205 fascium
1786 2152 1872 2206 de·

115 2227 183 2279 21
205 2226 374 2279 cernit
420 2226 667 2296 insignia.
754 2226 812 2280 Si
857 2245 984 2280 vero
1038 2227 1199 2280 istam
1246 2226 1678 2280 coniunctionem
1723 2224 1870 2278 Mars

203 2298 470 2368 trigonica
515 2300 812 2353 radiatione
866 2301 1186 2370 respexerit,
1239 2318 1359 2353 cum
1405 2299 1526 2352 istis
1573 2299 1868 2352 honoribus

203 2372 365 2424 etiam
411 2373 679 2442 insignem
724 2375 1011 2442 potestatis
1059 2374 1334 2427 licentiam
1388 2377 1443 2426 et
1489 2372 1868 2442 proconsulare
1892 2394 1936 2425 30

201 2445 432 2516 largitur
469 2446 775 2515 imperium,
821 2448 1141 2516 praesertim
1189 2447 1234 2499 si
1272 2446 1417 2500 Mars
1465 2447 1522 2499 in
1567 2447 1724 2498 domo
1773 2463 1870 2497 sua

200 2519 283 2571 vel
326 2519 379 2571 in
425 2519 583 2572 domo
622 2519 766 2572 Iovis
806 2520 970 2572 fuerit
1016 2521 1265 2573 inventus
1304 2521 1389 2573 vel
1428 2519 1485 2572 in
1522 2520 1716 2571 finibus
1758 2518 1867 2570 suis

349 2667 371 2705 1
407 2662 621 2720 digerent
650 2667 694 2705 Μ
721 2663 727 2720 Ι
753 2664 899 2718 suppl.
926 2680 953 2707 κ
1073 2668 1098 2706 5
1133 2663 1254 2707 6111111
1286 2677 1367 2708 om.
1393 2667 1437 2705 H
1472 2664 1477 2719 Ι
1520 2661 1735 2719 genitura
1766 2666 1810 2703 Μ

202 2726 227 2764 6
259 2720 455 2777 pistores
479 2726 592 2764 113⁸
617 2726 624 2774 Ι
652 2721 733 2764 sed
755 2722 818 2779 M]
844 2723 892 2764 et
913 2726 990 2763 PB
1052 2727 1077 2765 9
1103 2723 1364 2779 coronatos]
1389 2723 1580 2764 conatus
1603 2724 1647 2762 Μ
1674 2721 1680 2777 Ι
1708 2719 1869 2763 discri-

201 2779 429 2822 minarum
467 2779 818 2836 disciplinarum
847 2784 891 2820 M
1041 2785 1094 2823 10
1134 2782 1181 2824 61
1217 2779 1430 2823 mulieres
1468 2778 1671 2822 uirorum
1710 2793 1790 2823 om.
1823 2784 1869 2821 Π

204 2841 254 2880 11
290 2837 522 2895 obligauit
550 2843 664 2881 ΗΒΕ
691 2841 697 2894 Ι
726 2837 834 2895 Sed]
869 2836 916 2879 Si
939 2842 972 2879 P
1094 2843 1147 2882 15
1179 2838 1398 2882 filialibus
1431 2841 1475 2879 M
1603 2842 1656 2880 17
1690 2837 1866 2893 syderis

204 2894 211 2952 Ι
245 2895 446 2939 mixtura
475 2897 579 2939 PRb
700 2901 755 2939 30
786 2895 1109 2952 proconsulare
1141 2901 1184 2939 M
