2014 3202
787 117 807 159 I
833 121 873 172 7,
897 120 1042 172 39-8,
1065 131 1100 161 4.
1715 117 1780 169 31

109 239 285 309 copia,
333 239 424 292 sed
470 238 715 291 veritatis
761 235 1033 307 probabili
1080 256 1141 290 ac
1195 242 1344 292 recto
1399 236 1598 291 iudicio
1646 256 1785 292 com-

107 314 414 383 probemus,
499 310 602 365 Sed
648 313 757 364 iam
803 310 930 364 huic
982 315 1201 364 nostrae
1256 311 1571 382 allegationi
1618 312 1834 365 etiam2

108 387 230 456 ipsi,
270 387 361 456 qui
402 385 864 453 contradicebant,
911 403 974 436 ex
1014 385 1196 454 aliqua
1233 389 1387 455 parte
1428 386 1783 452 consentiunt,

110 460 347 513 dicentes
389 478 504 512 esse
544 459 759 528 quidem
807 459 1075 528 quandam
1123 460 1231 512 vim
1278 459 1527 512 fortunae
1569 477 1630 512 ac
1667 459 1783 529 fati,

63 556 83 588 5
109 552 270 603 quam
308 534 681 587 himarmenen
719 536 930 598 vocant,
970 533 1061 585 sed
1100 532 1226 586 huic
1256 533 1568 586 necessitati
1608 533 1785 602 dispu-

8 925 81 978 ‘10

36 1295 78 1327 15

37 2029 80 2062 25

106 608 330 660 tationis
355 625 480 660 suae
504 606 728 660 licentia
753 607 1015 676 quaedam
1039 606 1302 676 tribuunt,
1335 607 1594 676 quaedam
1616 608 1783 675 †con-

106 681 325 734 tradicit
341 681 429 734 lex
450 681 850 749 necessitasque
874 679 1112 733 fatorum
1138 686 1192 733 et
1214 700 1324 734 non
1353 699 1512 750 posse
1538 681 1782 734 videatur
1800 683 1832 734 3

106 755 310 824 aliquid
348 758 403 808 et
440 773 614 824 posse.
681 753 837 807 Hanc
874 773 1124 825 namque,
1164 774 1324 825 quam
1364 756 1548 808 dicunt
1585 753 1782 807 himar-

104 846 317 897 menen,
371 828 559 882 volunt
610 831 837 881 naturae
885 828 1167 881 hominum
1215 833 1621 897 ceterarumque
1675 827 1783 880 ani-

106 903 370 955 mantium
411 903 641 971 quadam
682 902 942 955 societate
982 903 1253 972 coniungi,
1292 906 1346 955 et
1378 903 1505 972 quia
1543 901 1619 955 sic
1649 901 1782 955 facti

105 995 168 1030 ac
206 977 476 1045 procreati
515 994 726 1045 sumus,
763 980 826 1028 ut
865 979 1013 1029 certo
1053 977 1292 1029 viventes
1333 980 1597 1045 tempore,
1638 994 1782 1028 com-

102 1050 250 1118 pleto
289 1051 433 1103 vitae
473 1069 648 1118 cursu,
687 1050 754 1102 ad
786 1049 1027 1102 divinum
1057 1050 1212 1102 illum
1245 1050 1511 1118 spiritum,
1552 1050 1645 1118 qui
1678 1067 1777 1102 nos

105 1128 396 1193 sustentat,
436 1124 676 1177 resoluta
714 1123 1013 1193 fragilitate
1054 1124 1296 1193 corporis
1335 1123 1652 1192 referamur,
1698 1141 1781 1175 su-

102 1198 211 1251 bici
249 1216 348 1250 nos
389 1199 455 1250 ad
496 1197 871 1266 complendum
918 1198 1085 1250 istum
1123 1198 1286 1250 finem
1323 1197 1438 1250 fato
1477 1197 1682 1266 pariter
1719 1215 1780 1249 ac

103 1272 256 1342 sorti,
300 1276 362 1323 ut
402 1275 456 1324 et
493 1290 592 1323 nos
633 1274 686 1323 et
726 1289 909 1323 omnes
958 1271 1258 1323 animantes
1309 1289 1447 1323 unus
1486 1289 1548 1324 ac
1587 1270 1781 1323 similis

103 1345 478 1398 dissolutionis
518 1345 780 1397 terminus
820 1344 976 1397 fatali
1014 1345 1123 1397 ista
1151 1346 1270 1414 lege
1305 1345 1605 1398 conficeret.
1656 1342 1779 1396 Om-

102 1419 193 1470 nia
230 1437 372 1487 vero,
412 1436 547 1487 quae
587 1419 652 1470 ad
699 1437 915 1471 cursum
960 1418 1101 1471 vitae
1148 1418 1441 1487 pertinent,
1491 1419 1548 1471 in
1592 1421 1782 1470 nostra

103 1493 293 1545 volunt
331 1511 447 1544 esse
484 1492 666 1561 posita
703 1495 990 1560 potestate,
1029 1497 1091 1544 ut
1129 1496 1379 1545 nostrum
1419 1493 1491 1545 sit
1530 1491 1674 1560 quod
1704 1491 1778 1544 vi-

103 1565 300 1634 vimuS,
348 1566 449 1618 fati
487 1583 613 1618 vero
662 1584 723 1618 ac
764 1566 927 1618 sortis
976 1566 1151 1618 solum
1194 1565 1442 1619 videatur
1481 1584 1597 1618 esse
1638 1566 1780 1634 quod

107 1640 381 1694 morimur.
465 1637 663 1692 Nescio
726 1639 853 1708 quid
906 1641 1014 1692 ista
1069 1640 1356 1692 diversitas
1419 1639 1831 1693 conclusionis4

105 1715 377 1782 operetur3
422 1713 604 1766 nescio
652 1714 738 1766 cui
784 1714 959 1782 possit
1004 1713 1328 1782 persuaderi,
1377 1714 1519 1782 quod
1569 1714 1780 1766 dicitur.

105 1787 407 1840 Confitetur
445 1786 639 1855 aliquis
680 1805 796 1839 esse
837 1787 1010 1840 fatum
1057 1791 1111 1840 et
1158 1787 1290 1840 dicit
1336 1788 1499 1839 finem
1539 1787 1780 1840 omnium

103 1861 362 1914 fatalibus
415 1861 830 1914 necessitatibus
893 1862 1169 1915 subiacere
1228 1865 1310 1929 et,
1366 1880 1488 1914 cum
1545 1862 1782 1929 disputa-

104 1935 344 1987 tionibus
392 1934 503 1987 suis
551 1953 617 1987 ex
654 1933 761 1987 ista
810 1934 1202 2003 quodammodo
1253 1934 1587 1988 confessione
1634 1952 1780 2003 prae-

104 2009 318 2076 iudicet,
356 2011 685 2076 potestatem
718 2009 832 2060 eius
865 2009 921 2061 in
953 2010 1252 2061 minoribus
1285 2009 1530 2076 partibus
1566 2008 1776 2075 minuit,

106 2085 268 2152 auget
313 2082 370 2134 in
417 2082 736 2152 maioribuS,
787 2082 959 2135 multa
999 2101 1060 2135 ac
1101 2083 1317 2151 potiora
1357 2081 1674 2151 concedenS,
1718 2085 1780 2133 ut

104 2158 256 2209 actus
312 2155 528 2224 quidem
580 2160 798 2209 nostros
852 2157 907 2208 in
961 2161 1151 2209 nostra
1212 2156 1357 2208 dicat
1410 2174 1527 2208 esse
1573 2156 1780 2222 positos

103 2232 397 2297 potestate,
444 2229 607 2282 finem
654 2248 782 2283 vero
821 2230 1032 2282 vivendi
1082 2230 1149 2282 ad
1195 2228 1378 2281 fatalis
1418 2229 1582 2282 sortis
1621 2229 1781 2282 licen-

105 2304 238 2355 tiam
277 2306 515 2373 revocet,
564 2308 619 2356 et
656 2304 714 2356 in
760 2308 875 2355 tam
922 2303 1104 2372 inepta
1151 2302 1516 2371 disputatione
1562 2302 1781 2356 licentia

224 2496 246 2534 1
281 2491 596 2548 componimus
629 2493 977 2550 comprobemus
1010 2496 1045 2540 Q
1149 2496 1175 2535 2
1209 2491 1484 2536 alleuationi
1516 2496 1551 2540 Q
1653 2496 1677 2535 5
1708 2490 1778 2533 hi-

103 2563 386 2594 marmenem
420 2553 426 2608 Ι
461 2554 635 2595 uocant
663 2553 716 2595 in
746 2553 940 2606 confinio
966 2552 1248 2608 payi‘narum
1276 2553 1476 2609 yeminat
1504 2556 1549 2593 Μ
1583 2553 1588 2607 Ι
1628 2549 1778 2593 —sitati

58 2642 62 2646 .
102 2610 158 2654 ir.
182 2613 229 2651 Μ
317 2614 342 2653 6
376 2610 607 2665 quaedam
631 2612 767 2666 prius
790 2625 871 2654 om.
897 2614 942 2652 M
968 2611 974 2667 1
1003 2609 1329 2654 contradicunt
1351 2613 1404 2653 ut
1426 2610 1456 2655 1.
1481 2625 1525 2654 n.
1551 2609 1581 2653 f.
1608 2612 1657 2652 et
1684 2621 1778 2651 non

102 2668 323 2725 Ne'methy
354 2671 516 2712 contra
547 2669 739 2713 demunt
768 2670 835 2713 vel
864 2670 960 2712 sim.
994 2685 1022 2712 κ
1142 2674 1165 2713 7
1200 2671 1248 2713 et
1273 2668 1346 2727 A']
1378 2672 1432 2713 ut
1550 2673 1576 2711 8
1607 2666 1779 2710 himar-

102 2739 283 2770 menem
434 2733 488 2771 10
520 2730 568 2771 et
598 2728 708 2783 quia
738 2730 785 2786 κ]
822 2730 874 2770 ut
905 2726 985 2782 qui
1016 2729 1086 2784 (ut
1117 2727 1228 2784 quia
1258 2727 1327 2786 A')
1472 2732 1524 2770 12
1560 2740 1588 2769 a
1619 2724 1779 2768 diuino

101 2784 183 2828 illo
215 2785 380 2842 spiritu
407 2821 445 2830 ..
471 2824 478 2831 .
501 2821 509 2830 .
539 2787 790 2831 referamus
823 2787 1003 2841 (quibus
1032 2788 1219 2831 servatis
1248 2786 1442 2831 resoluti
1471 2784 1779 2842 fragilitatem

103 2843 209 2887 olim
239 2846 299 2901 κ),
331 2859 442 2890 corr.
476 2845 524 2888 A'
664 2851 717 2889 15
749 2859 832 2888 nos
864 2858 1114 2901 omnesque
1146 2850 1181 2894 Q
1317 2850 1370 2888 16
1402 2844 1575 2900 fatalis,
1606 2857 1717 2888 corr.
1750 2860 1777 2887 κ

105 2905 161 2944 18
192 2902 345 2958 posita
378 2905 444 2948 bis
476 2909 510 2952 Q
631 2910 685 2947 22
718 2918 815 2947 esse
850 2902 1020 2959 aliquis
1054 2909 1088 2953 Q
1208 2910 1261 2949 26
1293 2904 1515 2962 pauciora
1546 2907 1581 2952 Q
