2014 3202
216 100 291 178 26'
933 125 1159 169 FIRMICI

213 246 485 313 iudicium,
518 265 678 315 quem
703 245 928 299 rationis
955 247 1209 312 ordinem,
1242 250 1304 299 ut
1335 246 1441 315 ille,
1474 246 1566 316 qui
1589 265 1882 316 numquam

212 320 317 372 fuit
350 338 554 372 memor
585 338 740 372 sexus
774 319 871 390 sui,
913 319 1003 389 qui
1042 322 1185 373 ultra
1217 319 1735 374 commendationem
1766 339 1884 391 gra·
1923 382 1925 385 ¹

213 394 318 446 tiae
366 392 586 462 puerilis
639 392 833 445 aetatis
883 413 1042 447 senex
1096 395 1336 447 exoletus
1383 393 1439 446 in
1486 394 1660 447 aliena
1706 398 1883 447 aetate

211 466 421 537 flagitia
475 467 713 536 corporis
769 467 1065 531 detinebat,
1127 467 1274 520 vitiis
1331 468 1581 521 obsessus
1638 468 1884 521 Romana

213 543 539 611 gubernaret
570 540 830 610 imperia?
885 540 1042 594 Hunc
1065 541 1297 610 (quem)
1322 540 1666 594 sciebamus
1653 561 1710 594 111
1732 560 1881 611 prae·
1933 563 1953 596 5

213 619 365 667 turae
405 613 572 696 [PR]
601 614 861 682 petitione
901 615 1188 684 deiectum,
1236 615 1320 668 cui
1360 616 1712 684 gravissimus
1754 614 1885 670 Cen-

214 689 424 741 sorinus
466 688 604 740 veris
652 707 713 740 ac
759 688 929 741 firmis
978 687 1411 742 accusationibus
1464 689 1726 757 spoliatae
1765 707 1886 757 pro-

210 761 415 815 vinciae
471 762 673 814 crimen
727 761 945 830 obiecit‚
1002 763 1094 831 qui
1148 763 1358 845 legatus
1414 763 1557 815 bello
1614 760 1884 816 Cimbrico

211 835 488 906 degeneris
513 834 679 887 animi
703 835 897 888 timore
923 840 1228 905 prostratus
1253 836 1634 904 imperatorem
1651 835 1884 888 Marium

212 912 264 961 et
314 909 618 961 Romanum
671 907 891 978 reliquit
945 910 1260 976 exercitum,
1315 910 1361 962 is
1415 928 1535 963 cum
1579 910 1664 963 his
1713 909 1883 962 tantis
1908 931 1951 963 ιο

209 983 539 1051 pollueretur
570 982 824 1051 infamiis,
863 983 1061 1053 regalis
1094 987 1284 1051 postea
1316 983 1616 1036 maiestatis
1653 983 1883 1036 auctori-

214 1059 325 1109 tate
364 1057 643 1108 decoratus
677 1057 970 1110 exercitum
1002 1061 1248 1109 nostrum
1286 1057 1340 1109 in
1378 1057 1656 1125 dispendia
1693 1061 1883 1109 nostra

119 1132 191 1184 29
212 1131 490 1183 convertit.
546 1129 807 1182 Permitte
834 1131 967 1182 mihi
999 1130 1243 1200 longiore
1270 1130 1512 1183 oratione
1540 1129 1883 1199 Syllanorum

210 1204 469 1256 scelerum
513 1203 770 1272 replicare
827 1204 1159 1272 discrimina3
1215 1204 1395 1256 omnia
1450 1204 1592 1256 enim
1637 1203 1767 1257 haec
1816 1205 1883 1256 ad

211 1277 590 1346 disputationis
638 1295 786 1330 meae
834 1279 1087 1330 meritum
1135 1277 1497 1346 conferentur,
1549 1277 1595 1330 si
1633 1277 1881 1346 plurimis
1908 1299 1949 1331 15
1997 1331 2002 1334 ,

209 1351 631 1404 infortuniorum
678 1352 963 1420 generibus
1018 1351 1229 1421 integre
1277 1370 1339 1404 ac
1391 1351 1665 1404 verissime
1720 1351 1884 1403 fuerit

121 1427 194 1480 30
209 1425 446 1477 fatorum
494 1426 786 1477 necessitas
843 1425 1122 1493 explicata.
1198 1425 1441 1477 Iussione
1498 1423 1718 1494 Syllana
1769 1423 1884 1478 Sul-

209 1499 381 1567 picius
428 1498 677 1550 tribunus
724 1498 898 1567 plebis
932 1499 1279 1567 'parricidalis
1333 1498 1607 1567 praecepti
1654 1497 1884 1551 nefanda

211 1572 669 1625 animadversione
715 1590 1000 1640 percussus
1041 1575 1147 1639 est3
1199 1590 1303 1641 quo
1352 1572 1562 1654 flagitio
1602 1571 1883 1640 tyrannica

212 1649 267 1698 et
306 1646 566 1698 scelerata
606 1646 718 1698 eius
759 1645 1025 1714 cupiditas
1065 1646 1275 1697 imbuta
1322 1646 1502 1697 omnia
1542 1645 1729 1697 statim
1771 1644 1883 1697 sine
1912 1668 1954 1698 20

212 1718 393 1788 aliqua
431 1719 767 1772 dubitatione
800 1737 996 1802 genera
1036 1719 1368 1771 crudelitatis
1402 1719 1652 1787 exercuit,
1691 1721 1753 1770 ut
1782 1717 1886 1788 [et]

211 1793 495 1846 effrenatas
536 1792 702 1845 animi
741 1794 825 1845 sui
866 1793 1186 1861 cupiditates
1233 1811 1327 1861 per
1375 1793 1487 1844 dies
1529 1792 1772 1862 singulos
1814 1792 1888 1845 ci-

123 1869 190 1922 31
214 1867 335 1919 vilis
392 1867 668 1950 sanguinis
721 1866 1032 1950 profusione
1097 1865 1335 1919 satiaret.
1420 1865 1698 1918 Praetorio
1753 1866 1886 1934 viro,

214 1939 409 1993 minori
444 1941 648 1993 scilicet
673 1939 859 2009 Mari0‚
891 1940 983 2009 qui
1008 1939 1206 1992 iudicio
1233 1939 1473 1992 omnium
1497 1940 1632 1991 bene
1661 1939 1884 1992 meritus

212 2015 275 2066 de
326 2013 600 2083 republica
653 2014 957 2082 videbatur,
1014 2012 1234 2083 Syllana
1287 2013 1523 2066 iussione
1578 2013 1710 2065 elisa
1758 2016 1883 2065 sunt
1907 2034 1949 2067 25

212 2088 359 2155 prius
401 2106 577 2158 crura,
618 2088 805 2140 deinde
846 2088 1053 2140 deiecta
1091 2087 1155 2139 de
1197 2090 1344 2139 statu
1384 2087 1623 2155 corporis
1663 2086 1884 2139 brachia

211 2161 448 2214 humeris
495 2165 651 2214 tenus
700 2161 964 2214 dissoluta
1010 2161 1335 2229 ceciderunt,
1393 2160 1557 2213 tertio
1606 2162 1884 2228 amputata

359 2310 384 2348 3
425 2318 554 2349 senes
595 2306 819 2363 exoletos,
858 2320 970 2351 corr.
1011 2304 1059 2349 A'
1211 2310 1239 2348 4
1276 2304 1466 2362 fragilia
1505 2309 1540 2353 Q
1685 2307 1711 2347 5
1749 2303 1884 2347 Hunc

210 2363 416 2423 (quem)
449 2381 477 2408 κ
515 2365 567 2408 cl.
591 2380 638 2421 p.
665 2369 736 2420 14
760 2375 803 2406 23
833 2366 887 2409 de
917 2379 1001 2410 err.
1035 2367 1110 2418 77,
1135 2374 1188 2407 13
1222 2367 1325 2418 104,
1356 2375 1379 2404 2
1417 2364 1633 2407 Kuelmer
1664 2366 1840 2419 1284&
1874 2364 1879 2421 Ι

211 2436 262 2480 111
291 2438 537 2494 praeturae
577 2438 709 2496 [PR]
746 2437 973 2494 petitione
1011 2439 1059 2496 κ]
1102 2436 1420 2494 impraetura
1446 2437 1559 2480 PR.
1581 2435 1809 2492 petitione
1840 2441 1885 2478 M

211 2495 262 2539 in
307 2498 495 2552 pretura
540 2497 847 2552 prepetitione
893 2502 970 2545 ΡΟ,
1115 2500 1140 2539 8
1187 2495 1338 2539 bellus
1384 2500 1440 2537 1³³
1490 2497 1495 2552 Ι
1547 2494 1773 2538 Cimbrico
1812 2494 1883 2553 A']

213 2554 262 2598 in
293 2558 392 2611 (om.
426 2557 478 2611 Q)
509 2554 690 2610 illyrico
723 2555 907 2612 (illirico
939 2557 1043 2613 HQ.)
1189 2560 1242 2597 10
1273 2553 1473 2609 reliquid
1504 2559 1537 2596 P
1680 2557 1732 2596 11
1765 2553 1883 2596 infa-

212 2613 319 2657 miis
353 2619 385 2656 P
478 2618 531 2656 13
564 2614 789 2657 convertit
819 2616 865 2672 a]
898 2613 1111 2658 convenit
1195 2618 1248 2656 15
1279 2626 1410 2655 meae
1441 2627 1522 2656 om.
1549 2616 1593 2653 M
1685 2617 1736 2655 17
1762 2626 1883 2654 com-

213 2663 411 2729 probata
450 2676 497 2716 et
495 2672 761 2803 Aexplicata
793 2677 827 2720 Q.
978 2678 1030 2716 19
1065 2670 1403 2716 animaduersio
1435 2676 1468 2712 P
1524 2672 1530 2727 Ι
1586 2669 1818 2714 tirannica
1849 2676 1884 2719 Q,

215 2766 268 2803 21
302 2762 349 2805 et
379 2762 461 2805 del.
687 2765 741 2803 23
775 2760 1012 2817 sanguinis
1046 2759 1283 2818 sanguinis
1314 2764 1347 2801 P
1482 2763 1538 2801 24
1566 2730 1749 2802 ssscilicet
1780 2759 1880 2803 uiro

213 2820 380 2892 minofi
420 2853 454 2897 Q
545 2853 600 2892 25
641 2847 769 2904 elysa
806 2853 838 2890 P
930 2854 984 2892 26
1011 2850 1161 2904 possis
1191 2848 1378 2891 desecta
1388 2865 1405 2901 ;
1437 2846 1653 2891 delecta?
1686 2846 1883 2891 Mueller

216 2907 267 2949 cl.
300 2909 402 2952 lcrz't.
435 2909 651 2965 Bemkyn.
684 2921 742 2952 zu
775 2907 898 2950 Plin.
925 2922 972 2963 p.
1001 2913 1083 2961 11;
1113 2909 1169 2962 cf.
1201 2908 1294 2951 III
1318 2910 1398 2960 13,
1423 2916 1443 2946 4
