2014 3202
816 126 879 171 IV
905 131 975 182 23,
1001 130 1153 183 1—24,
1179 140 1210 172 1.
1719 125 1848 182 ‚273
1895 141 1897 143 ·

178 268 212 303 a
248 249 348 301 III.
396 267 563 318 usque
614 248 679 300 ad
729 247 793 300 V.
840 246 1150 314 femininae,
1197 265 1228 298 a
1266 245 1363 298 VI.
1399 263 1568 314 usque
1616 246 1681 298 ad
1726 245 1848 299 XII.

179 322 521 392 masculinae,
551 341 581 374 a
604 320 751 373 XIII.
774 338 944 388 usque
977 320 1043 372 ad
1067 319 1264 372 XXIV.
1288 319 1594 389 femininae,
1625 338 1656 371 a
1678 318 1847 372 XXV.
1935 339 1939 348 “

177 414 345 465 usque
400 396 466 448 ad
512 393 735 448 XXVII.
782 392 1129 463 masculinae,
1184 411 1216 445 a
1260 392 1514 446 XXVIII.
1559 411 1727 461 usque
1783 394 1849 445 ad

180 469 350 523 XXX.
390 469 690 522 femininae.
768 465 1083 536 Capricorni
1123 485 1154 519 a
1192 467 1368 536 prima
1397 470 1550 536 parte
1582 484 1750 535 usque
1783 467 1848 519 ad
1870 466 1933 518 11

137 563 157 596 5
181 543 332 597 VIII.
378 542 702 596 masculinae
751 545 877 594 sunt
922 544 1130 610 parteS,
1184 559 1215 592 a
1260 540 1351 593 IX.
1397 558 1566 609 usque
1614 541 1679 592 ad
1726 540 1848 592 XII.

16 915 18 917 ’
114 929 156 961 10
178 910 334 978 linae,
359 929 391 962 a
412 909 528 962 XX.
552 927 737 962 rursus
761 927 930 978 usque
957 910 1022 961 ad
1046 908 1211 961 XXX.
1236 908 1543 962 femininae.
1610 907 1848 961 Piscium
1872 906 1935 958 13

179 616 483 684 femininae,
522 634 553 668 a
590 614 739 667 XIII.
780 633 947 683 usque
987 615 1053 667 ad
1091 614 1236 667 XIX.
1275 613 1624 683 masculinae,
1665 632 1696 666 a
1733 613 1847 668 XX.

178 707 363 743 rursus
409 707 575 758 usque
623 689 689 741 ad
735 687 904 742 XXX.
951 687 1252 741 femininae.
1327 687 1556 757 Aquarii
1602 705 1633 740 a
1674 687 1846 756 prima
1868 685 1935 737 12

178 781 346 832 usque
386 763 453 815 ad
484 761 578 815 IX.
617 762 945 815 masculinae
986 765 1111 814 sunt
1148 764 1347 830 parteS,
1387 780 1418 814 a
1450 761 1513 814 X.
1545 779 1730 814 rursus
1761 779 1846 814 us-

180 855 281 906 que
320 836 386 888 ad
424 836 546 889 XII.
579 836 881 906 femininae,
920 854 951 888 a
982 834 1133 888 XIII.
1163 853 1333 903 usque
1373 836 1439 888 ad
1470 834 1613 887 XIX.
1645 853 1848 887 mascu-

176 1002 208 1036 a
244 984 419 1052 prima
463 987 616 1052 parte
661 1001 830 1051 usque
877 983 943 1035 ad
993 982 1057 1035 X.
1105 983 1429 1035 masculinae
1478 985 1605 1035 sunt
1648 985 1848 1051 partes,

177 1058 242 1109 ab
298 1056 391 1110 XI.
444 1074 613 1125 usque
668 1056 734 1108 ad
778 1055 894 1109 XX.
942 1055 1256 1126 femininae,
1308 1075 1340 1108 a
1384 1055 1527 1108 XXI.
1574 1074 1742 1124 usque
1783 1057 1848 1107 ad

175 1129 374 1184 XXIII.
407 1130 748 1197 masculinae,
788 1149 819 1182 a
843 1129 1039 1183 XXIV.
1063 1147 1230 1198 usque
1265 1130 1330 1182 ad
1354 1129 1519 1183 XXX.
1544 1129 1847 1182 femininae.

176 1203 479 1273 Explicatis
517 1203 602 1255 his
643 1203 892 1256 omnibus
926 1206 979 1256 et
1011 1203 1258 1274 diligenti
1289 1204 1498 1256 ratione
1531 1204 1846 1256 monstratis
1868 1203 1936 1255 14

16 1333 18 1335 ,
108 1295 150 1329 15
174 1278 239 1330 ad
279 1277 568 1330 terminum
606 1276 766 1329 istius
805 1277 931 1329 libri
969 1279 1226 1346 properat
1267 1277 1464 1344 orati03
1505 1278 1597 1329 sed
1636 1277 1760 1345 quia
1790 1277 1848 1330 in

173 1351 440 1420 principio
485 1350 646 1403 huius
699 1351 826 1402 libri
878 1352 1052 1403 multa
1103 1351 1166 1402 de
1203 1349 1387 1403 Lunae
1434 1350 1677 1403 cursibus
1718 1350 1848 1403 dixi-

173 1442 315 1494 111118,
362 1425 525 1477 etiam
572 1425 898 1493 posteriores
948 1427 1127 1493 partes
1175 1425 1288 1476 eius
1337 1423 1501 1477 simili
1547 1424 1652 1476 fine
1704 1425 1847 1477 clau-

171 1498 382 1564 dantur,
421 1501 483 1550 ut
520 1498 661 1551 libro
699 1497 825 1550 huic
863 1516 1062 1550 numen
1098 1497 1534 1568 potentissimum
1570 1496 1752 1551 Lunae
1792 1501 1846 1550 et

172 1570 388 1623 initium
421 1571 629 1624 dedisse
660 1571 905 1624 videatur
937 1575 991 1624 et
1021 1572 1197 1625 finem.
1266 1570 1404 1633 Quid
1435 1571 1618 1639 itaque
1649 1570 1707 1624 in
1738 1590 1845 1625 car-

106 1663 149 1696 20
172 1644 385 1699 dinibus
425 1663 546 1698 cum
593 1644 783 1698 ceteris
832 1645 1004 1698 stellis
1044 1645 1196 1697 Luna
1247 1644 1544 1698 constituta
1582 1644 1846 1713 decernat,

105 2115 146 2149 25

171 1719 494 1788 generaliter
517 1718 813 1771 verissimis
848 1737 908 1771 ac
939 1717 1395 1772 manifestissimis
1427 1718 1704 1788 explicabo
1732 1737 1845 1772 sen·

168 1792 379 1861 tentiis,
417 1796 477 1845 ut
515 1792 572 1844 in
611 1791 801 1861 quinto
840 1792 980 1845 libro
1020 1795 1198 1845 cetera
1245 1792 1359 1845 sine
1398 1792 1601 1845 invidia
1639 1793 1843 1845 mathe-

172 1882 290 1917 seos
332 1868 538 1919 secreta
575 1866 886 1934 pandamus.

195 2010 391 2063 XXIV.
448 2010 658 2069 LUNA.
690 2010 844 2065 CUM
884 2010 1191 2067 CETERIS
1230 2011 1313 2064 IN
1353 2010 1803 2066 CARDINIBUS

790 2083 1229 2138 COLLOCATA.

318 2186 470 2239 Luna
509 2205 630 2239 cum
669 2184 792 2239 Sole
833 2187 880 2239 si
917 2187 1187 2255 partiliter
1225 2187 1282 2239 in
1318 2186 1623 2258 horoscopo
1662 2189 1839 2259 fuerit,
1899 2192 1925 2243 1

174 2259 229 2311 in
260 2258 361 2328 his,
391 2259 447 2311 in
481 2260 676 2328 quibus
708 2261 906 2330 gaudet
935 2261 1022 2313 vel
1053 2261 1111 2313 in
1143 2260 1337 2329 quibus
1370 2262 1638 2315 exaltatur
1669 2262 1840 2334 signis

318 2378 343 2416 2
375 2373 492 2417 XIII.
526 2389 680 2417 rursus
712 2388 856 2431 usque
880 2380 959 2417 DE·
1019 2375 1137 2420 XIII.
1170 2389 1315 2432 usque
1354 2392 1509 2421 rursus
1535 2383 1563 2420 0
1599 2378 1604 2435 Ι
1641 2391 1669 2420 a
1698 2378 1837 2422 XXV.

170 2445 315 2487 usque
348 2433 408 2475 ad
438 2432 576 2477 XXX.
610 2433 894 2477 masculinae
926 2435 1099 2478 omissis
1129 2437 1281 2480 ceteris
1304 2440 1383 2479 AB
1473 2442 1501 2480 4
1532 2438 1665 2492 parte
1698 2450 1780 2480 om.
1805 2441 1839 2479 B

171 2495 196 2534 5
220 2492 376 2547 partes
401 2504 482 2535 om.
497 2495 575 2534 AB
661 2497 684 2535 7
709 2507 865 2535 rursus
891 2506 972 2536 om.
991 2497 1069 2535 AB
1087 2494 1207 2551 (item
1223 2498 1266 2551 8)
1287 2495 1292 2553 Ι
1311 2497 1444 2551 parte
1469 2500 1573 2551 post
1594 2493 1744 2550 prima
1760 2499 1838 2538 BE

170 2555 196 2594 8
230 2552 337 2592 sunt
366 2552 522 2606 partes
554 2564 634 2594 om.
661 2555 739 2593 AB
870 2556 924 2595 10
955 2566 1110 2595 rursus
1142 2567 1223 2597 om.
1249 2557 1329 2595 AB
1407 2581 1412 2588 ·
1460 2559 1510 2596 11
1545 2554 1652 2596 sunt
1681 2556 1837 2609 partes

170 2620 251 2652 om.
278 2613 357 2651 DE
465 2613 519 2652 14
551 2608 640 2652 hiis
672 2609 761 2667 (his
785 2611 838 2666 Ε)
863 2616 968 2666 post
998 2613 1046 2654 et
1068 2612 1171 2655 add.
1197 2617 1276 2654 DE
1369 2616 1423 2655 15
1454 2627 1520 2668 pr.
1547 2625 1609 2655 or.
1629 2612 1673 2669 σ]
1705 2625 1837 2668 prae-

169 2666 352 2722 paratio
377 2667 446 2725 (fit
469 2669 573 2712 add.
599 2671 651 2724 E)
683 2670 738 2723 cf.
757 2670 790 2723 f.
809 2670 1071 2713 LXXXII
1086 2684 1120 2714 c.
1140 2674 1168 2714 3
1199 2671 1308 2715 med.
1329 2670 1417 2715 Cic.
1444 2671 1563 2714 Phil.
1590 2671 1621 2713 1
1645 2673 1674 2713 3
1701 2671 1707 2727 Ι
1735 2670 1836 2729 sed]

171 2737 219 2768 se
249 2739 359 2770 uero
384 2732 411 2769 c
513 2732 566 2770 16
589 2726 829 2784 principiis
855 2733 883 2770 c
983 2733 1036 2772 18
1067 2729 1359 2786 potissimum
1382 2734 1464 2771 DE
1570 2734 1625 2771 22
1659 2731 1836 2773 ceteras

171 2786 359 2827 Ach
459 2790 514 2828 23
538 2785 784 2842 pandimus
811 2792 838 2829 c
959 2792 1014 2830 24
1047 2787 1168 2840 Quid
1207 2787 1437 2845 significet
1468 2788 1597 2831 Luna
1628 2801 1732 2830 cum
1763 2801 1835 2832 ce-

171 2840 282 2884 teris
321 2842 522 2898 planetis
561 2844 610 2887 in
656 2844 922 2888 cardinibus
962 2846 1191 2890 collocata
1220 2852 1299 2889 DE
1346 2861 1426 2890 om.
1461 2850 1578 2889 ABc
1709 2851 1764 2890 26
1797 2846 1836 2890 81

174 2904 278 2943 ante
307 2899 446 2945 fuerit
475 2908 554 2946 DE
675 2908 729 2946 27
762 2903 1027 2948 exaltantur
1050 2910 1078 2947 c

260 2981 467 3025 Fnzmcus,
492 2985 549 3016 ed.
573 2985 713 3018 Kroll
737 2988 775 3018 et
798 2986 1016 3019 Skutsch.
1058 2989 1088 3019 I.
1518 2982 1571 3021 18
