2014 3202
809 116 872 160 IV
898 121 966 172 19,
990 128 1126 160 8—13.
1701 116 1808 168 247

134 241 320 290 tenero
353 237 587 307 diligunt
620 255 828 307 semper
852 235 1135 304 (adfectu)
1160 238 1214 288 et
1247 253 1475 304 quorum
1506 235 1606 288 filii
1638 236 1810 307 digni-

138 312 266 364 tatis
306 311 539 364 maxima
578 312 974 380 consequantur
1012 312 1325 380 augmenta,
1361 311 1422 361 ut
1462 312 1517 362 et
1557 310 1622 361 ad
1660 310 1810 380 ipsos

138 403 199 438 ex
259 385 494 438 filiorum
547 384 842 437 honoribus
897 400 1154 453 magnum
1216 382 1470 435 meritum
1524 383 1811 453 dignitatis

141 459 378 527 accedat3
423 456 771 511 valitudinem
820 457 1185 510 cardiacorum
1231 456 1394 510 faciet
1442 475 1506 510 ex
1550 456 1675 510 vino
1722 459 1810 511 vel

90 556 111 589 5
137 550 199 584 ex
246 532 534 598 cruditate,
590 549 736 584 mors
790 550 916 584 vero
964 532 1031 583 ab
1086 530 1363 583 hilaritate
1411 534 1465 583 et
1511 531 1808 585 deiectione

136 605 224 658 ani
262 606 366 658 erit
407 606 484 671 [et
517 604 704 671 animi]
738 609 793 658 et
825 605 1038 658 venerio
1072 605 1232 658 coitu.
1312 602 1415 657 Sed
1445 604 1645 671 Iovem,
1684 623 1807 658 cum
1827 608 1894 661 11

137 679 383 732 dominus
423 678 702 748 geniturae
741 678 921 748 fuerit,
959 678 1131 731 isdem
1170 678 1345 747 debeS,
1385 677 1579 748 quibus
1622 677 1807 732 Satur-

131 772 283 821 num,
329 752 631 805 rationibus
670 753 892 820 intueri,
931 753 1022 805 sed
1062 755 1117 804 et
1156 756 1360 805 ceteras
1403 752 1613 822 stellas3
1661 753 1806 821 quod

133 827 275 878 enim
321 826 384 878 de
430 845 538 879 uno
586 826 789 879 dictum
827 826 991 878 fuerit
1031 826 1356 894 exemplum,
1403 826 1507 878 hoc
1546 829 1600 878 te
1640 827 1809 879 etiam

66 925 108 956 ιο
132 900 187 952 in
236 899 458 969 reliquis
509 900 725 952 debebit
774 899 1055 954 instruere.
1137 898 1280 952 Nam
1333 900 1379 952 si
1425 899 1670 969 Iuppiter
1718 901 1809 954 do·

132 974 308 1026 minus
356 973 636 1044 geniturae
689 973 854 1027 fuerit
900 973 1119 1026 effectus
1167 977 1221 1026 et
1274 973 1478 1042 primos
1526 974 1807 1043 geniturae

132 1047 366 1100 tenuerit
412 1048 652 1100 cardines
700 1048 757 1099 in
802 1047 961 1100 domo
1009 1065 1104 1099 sua
1143 1047 1227 1099 vel
1273 1047 1331 1099 in
1377 1047 1660 1100 altitudine
1710 1066 1809 1101 sua

129 1121 213 1173 vel
252 1121 310 1172 in
347 1121 544 1173 finibus
585 1121 695 1173 suis
734 1121 818 1174 vel
857 1121 915 1173 in
952 1121 1110 1174 domo
1138 1119 1280 1174 Solis
1311 1121 1398 1173 vel
1430 1122 1486 1173 in
1517 1121 1806 1175 altitudine

130 1193 270 1246 Solis
311 1197 366 1247 et
405 1194 479 1246 sit
516 1194 706 1247 diurna
746 1195 994 1264 genitura
1033 1197 1087 1247 et
1118 1194 1490 1247 benivolarum
1523 1195 1807 1248 stellarum

63 1293 104 1325 15
128 1268 292 1320 fuerit
330 1268 656 1320 testimoniis
699 1269 1004 1336 adornatuS‚
1044 1271 1098 1320 et
1137 1267 1291 1321 Luna
1330 1269 1396 1321 ad
1436 1287 1559 1321 eum
1596 1268 1805 1321 feratur

126 1341 286 1410 plena
324 1341 617 1394 luminibus
663 1360 762 1395 nec
800 1341 947 1395 Mars
988 1341 1154 1394 alium
1201 1341 1481 1412 geniturae
1519 1342 1803 1410 possidens

131 1415 399 1468 cardinem
440 1419 535 1468 aut
573 1415 679 1483 ipsi
710 1415 930 1469 resistat
962 1418 1056 1468 aut
1080 1414 1263 1468 Lunae
1297 1416 1586 1468 crescentis
1618 1416 1805 1468 lumen

127 1489 405 1559 inpugnet,
425 1489 638 1558 integra
661 1488 937 1542 felicitatis
963 1484 1278 1542 ornamenta
1304 1489 1556 1542 decernit.
1598 1488 1802 1551 Quodsi
1824 1483 1892 1544 1‘2

126 1564 183 1615 in
232 1562 340 1631 his,
394 1564 451 1615 in
501 1563 696 1631 quibus
745 1562 1109 1630 humilitatur‚
1162 1562 1332 1633 signis
1371 1563 1455 1616 vel
1503 1563 1561 1615 in
1599 1563 1800 1615 finibus

59 1661 102 1694 20
128 1636 246 1688 aliis
285 1635 449 1689 fuerit
487 1636 571 1688 vel
610 1636 667 1688 in
706 1636 927 1690 deiectis
967 1639 1022 1689 et
1060 1635 1231 1706 pigris
1265 1636 1547 1706 geniturae
1579 1636 1714 1689 locis
1747 1640 1804 1690 et

126 1712 239 1779 ipse
279 1714 333 1762 et
373 1709 527 1762 Luna
565 1728 597 1761 a
634 1707 905 1763 malivolis
945 1710 1219 1763 malitiosa
1256 1710 1459 1763 fuerint
1497 1709 1802 1764 radiatione

127 1783 474 1852 [pulsatione]
502 1783 719 1853 pulsati,
752 1784 1001 1837 deficiens
1033 1783 1239 1837 viribus
1273 1787 1327 1837 et
1367 1783 1515 1837 omni
1553 1785 1801 1852 privatus

124 1856 343 1909 licentia
379 1856 666 1926 potestatis
705 1857 843 1910 nihil
882 1875 1141 1928 magnum
1178 1858 1235 1910 in
1274 1857 1526 1927 genitura
1562 1858 1803 1910 decernit

123 1949 221 1983 nec
274 1930 547 2000 integrum
601 1949 864 1984 annorum
919 1949 1225 1999 numerum3
1279 1949 1406 1982 nam
1460 1929 1507 1982 si
1562 1948 1685 1982 eum
1736 1931 1801 1983 de

58 2028 100 2060 25
126 2003 386 2071 quadrato
419 2004 503 2056 vel
535 2004 598 2057 de
632 2004 893 2057 diametro
926 2004 1212 2056 malivolae
1241 2003 1431 2056 stellae
1456 2003 1802 2074 radiaverint,

125 2095 221 2146 pro
260 2075 464 2129 viribus
511 2078 622 2130 suis
656 2081 701 2129 'a
739 2078 951 2130 decreto
1000 2081 1242 2146 tempore
1285 2094 1549 2129 annorum
1589 2078 1803 2131 subtra-

124 2151 260 2203 hunt
298 2168 592 2203 numerum.

272 2223 454 2276 MarS.
518 2222 575 2276 Si
600 2223 747 2276 Mars
780 2224 1059 2294 geniturae
1084 2223 1332 2276 dominus
1364 2223 1530 2277 fuerit
1561 2225 1798 2295 effectu8‚
1821 2228 1889 2280 13

275 2373 296 2411 1
330 2369 476 2424 suppl.
509 2385 536 2411 κ
657 2372 683 2410 3
716 2381 771 2411 ex
803 2366 942 2427 QbA']
975 2370 1022 2411 et
1140 2374 1168 2412 4
1198 2367 1473 2424 ualitudine,
1505 2383 1617 2414 corr.
1651 2369 1759 2415 Sittl

126 2426 450 2482 carcaicorum‚
482 2440 594 2470 corr.
621 2441 683 2470 κσ
709 2428 715 2485 Ι
743 2426 852 2471 uino
905 2441 1011 2471 umo
1042 2431 1075 2469 Ρ
1201 2432 1227 2471 6
1260 2427 1550 2484 crudelitate,
1582 2442 1694 2472 corr.
1727 2371 1810 2531 vl

123 2485 363 2529 hilaritate
403 2484 476 2542 (il-
498 2490 543 2528 11
588 2485 688 2542 hyl·
712 2487 762 2542 P)
809 2501 865 2530 c.
914 2486 988 2530 VI
1018 2486 1097 2541 fol.
1129 2486 1330 2530 LXXX
1364 2488 1443 2531 col.
1478 2491 1505 2530 4
1543 2488 1638 2530 ima
1675 2487 1779 2530 VII

124 2546 202 2599 fol.
238 2545 354 2589 CIV
380 2545 458 2589 col.
492 2548 520 2588 3
551 2545 613 2589 in.
765 2550 790 2588 6
833 2544 911 2588 ani
941 2546 985 2603 σ]
1024 2543 1107 2588 uni
1142 2545 1252 2602 (alvi
1283 2548 1327 2602 a)
1370 2546 1375 2603 Ι
1417 2544 1598 2589 ueneris
1636 2545 1799 2602 coitus,

125 2618 236 2648 corr.
271 2618 297 2647 σ
345 2608 351 2655 Ι
401 2617 506 2647 cum
544 2602 757 2647 dominus
795 2602 868 2662 A']
916 2606 1021 2647 eum
1058 2603 1295 2648 dominum
1457 2609 1481 2646 7
1515 2606 1730 2647 saturnus
1753 2608 1800 2647 1

128 2667 182 2705 16
205 2662 459 2729 possident,
484 2676 596 2706 corr.
623 2676 648 2706 σ
733 2667 785 2706 17
812 2661 1036 2718 cardine8‚
1062 2677 1173 2708 corr.
1200 2662 1292 2712 QA'
1323 2665 1328 2720 Ι
1355 2661 1590 2719 resistant,
1615 2676 1727 2707 corr.
1746 2662 1795 2706 A'

127 2725 182 2764 18
212 2724 488 2778 impugnent
516 2725 561 2764 Μ
695 2726 751 2764 20
784 2720 888 2764 aliis
919 2738 946 2765 κ
986 2723 1153 2779 (possis
1191 2721 1346 2779 alius)]
1386 2720 1559 2764 talibus
1599 2720 1798 2780 (ζῴοισιν

125 2777 200 2822 ἐπ’
229 2778 381 2830 ἄλλοις
405 2780 609 2825 Maneth.
643 2780 718 2823 VI
734 2782 810 2837 43)
928 2785 983 2823 21
1016 2779 1248 2824 malitiose
1279 2779 1453 2823 fuerint
1483 2779 1663 2823 ratione
1693 2779 1797 2837 pul-

127 2837 305 2881 satione
333 2838 522 2895 pulsati,
554 2852 667 2883 corr.
692 2856 720 2882 κ
840 2842 896 2882 25
928 2839 1156 2895 quadrato
1187 2852 1376 2893 numero
1408 2843 1453 2880 H
1572 2843 1626 2882 26
1661 2852 1688 2882 a
1719 2839 1799 2883 de-

126 2898 251 2939 creto
285 2896 398 2954 ΩΧ]
432 2897 492 2940 ad
524 2899 698 2941 secreto
