2014 3202
758 102 821 146 IV
848 106 916 159 14,
940 105 1113 157 16-15,
1137 115 1169 145 2.
1688 99 1792 152 231

134 240 323 295 magna
345 225 402 276 in
432 223 648 292 templis
681 222 860 276 officia
890 224 1201 275 tractantes,
1264 219 1322 274 Si
1355 238 1478 273 vero
1511 220 1567 273 in
1599 220 1791 274 ceteris
1810 221 1882 274 20

134 299 405 364 geniturae
455 298 587 350 locis
638 296 801 349 fuerit
850 296 958 348 ista
1008 295 1339 364 coniunctio,
1391 294 1685 348 mediocres
1735 294 1795 348 in

131 368 475 425 facultatibus
514 370 645 423 facit
683 373 738 422 et
770 369 861 437 qui
893 372 1036 422 artes
1068 368 1364 422 metallicas
1398 387 1640 421 exercere
1673 386 1797 421 con—

134 446 411 498 sueverint.
485 443 642 497 Facit
679 443 991 512 plerumque
1033 442 1289 496 coriarios
1328 444 1383 494 et
1423 442 1515 511 qui
1547 445 1797 510 aromata

72 536 109 570 v5
135 519 354 571 mercari
393 518 779 586 consueverint,
817 516 950 570 facit
982 517 1146 569 etiam
1178 534 1268 569 eos
1300 515 1561 584 politores
1593 516 1794 584 pretio·

134 608 313 643 sarum
352 609 679 661 gemmarum
716 590 801 643 vel
850 590 942 659 qui
988 590 1215 660 gemmis
1257 608 1320 643 ex
1366 589 1515 643 vario
1555 590 1796 660 pigmen-

131 667 311 716 torum
357 682 542 733 genere
591 664 753 717 aliam
800 663 1033 733 speciem
1079 664 1274 717 coloris
1327 663 1645 733 adpingant,
1700 666 1795 716 aut

132 740 407 790 ornatores
436 741 530 792 aut
562 739 860 807 sculptores
887 738 1294 790 simulacrorum
1324 740 1417 790 aut
1440 736 1795 791 fabricatores

130 810 326 863 efficiet
373 816 462 863 aut
507 811 565 864 in
610 811 826 881 templis
883 829 1035 865 sacra
1089 812 1326 864 carmina
1372 814 1652 879 precantes
1700 814 1795 864 aut

17 912 22 916 ·
60 905 105 937 ιο
129 883 376 938 tibicines
417 886 737 955 templorum
776 885 939 938 faciet
978 889 1032 937 et
1073 885 1163 954 qui
1202 884 1438 937 habeant
1470 903 1649 937 rerum
1682 903 1797 938 cae·

128 957 346 1010 lestium
383 957 658 1012 notionem
703 959 788 1012 vel
828 959 919 1028 qui
959 959 1132 1012 sciant
1171 960 1377 1011 secreta
1415 958 1670 1011 caelestia
1707 958 1794 1012 vel

128 1031 220 1100 qui
259 1050 342 1084 res
384 1032 668 1086 absconsas
709 1036 763 1086 et
802 1031 1012 1085 abditas
1051 1031 1200 1085 facili
1230 1031 1439 1084 ratione
1470 1032 1796 1102 perdiscant,

126 1108 187 1158 ut
226 1123 290 1157 ex
326 1105 412 1157 his
453 1106 820 1160 occasionibus
860 1106 1002 1159 vitae
1037 1105 1147 1158 illis
1180 1105 1420 1158 subsidia
1453 1109 1796 1175 quaerantur.

903 1267 1016 1321 XV.

56 1392 99 1424 15
271 1370 320 1423 A
362 1368 639 1424 Saturno
679 1372 967 1425 defluens
1006 1371 1194 1426 Luna.
1273 1370 1330 1424 Si
1370 1391 1402 1424 a
1435 1370 1668 1425 Saturno
1710 1372 1794 1425 de·
1850 1373 1881 1426 1

124 1446 293 1497 fluens
336 1443 487 1496 Luna
526 1445 628 1514 [et]
675 1446 741 1498 ad
777 1445 984 1498 nullum
1023 1445 1246 1514 feratur,
1294 1446 1386 1498 sed
1423 1463 1518 1514 per
1564 1463 1793 1500 vacuum

125 1537 311 1572 cursus
360 1536 484 1572 suos
535 1519 735 1588 dirigat
775 1523 828 1572 et
868 1519 939 1571 sit
979 1537 1219 1572 crescens
1259 1519 1343 1571 vel
1382 1519 1541 1588 plena
1578 1520 1794 1572 lumini·

63 1660 65 1663 ι
123 1593 239 1660 buS,
276 1592 662 1661 patrimonium
702 1593 898 1646 misera
928 1593 1251 1645 laceratione
1284 1592 1544 1662 dilapidat
1576 1596 1631 1646 et
1661 1593 1794 1647 facit

123 1685 155 1718 a
203 1666 517 1735 parentibus
570 1667 790 1719 alienari
842 1669 934 1719 aut
982 1666 1321 1735 interemptis
1371 1667 1685 1737 parentibus
1736 1668 1792 1721 in

53 1760 99 1794 20
122 1740 299 1808 prima
334 1743 508 1792 aetate
539 1740 713 1793 reddit
745 1740 927 1803 orbos3
967 1739 1100 1792 facit
1130 1739 1445 1809 plerumque
1476 1740 1663 1811 pigros
1699 1744 1793 1793 aut

122 1815 179 1865 in
215 1813 525 1882 longinquis
565 1814 1089 1883 peregrinationibus
1122 1812 1330 1866 detinet
1361 1818 1666 1883 occupatos,
1730 1813 1789 1867 Si
1844 1816 1878 1868 2

124 1905 248 1940 vero
290 1886 361 1939 sit
400 1887 607 1940 minuta
644 1887 963 1955 luminibus,
1011 1886 1112 1957 [et]
1159 1887 1322 1940 faciet
1369 1887 1509 1940 circa
1547 1891 1791 1940 ventrem

122 1959 293 2029 frigus
333 1960 628 2025 adsiduum,
668 1979 802 2030 quos
841 1959 1068 2013 Graeci
1106 1959 1539 2029 psychrocoelios
1580 1964 1791 2031 vocant,

123 2037 177 2085 et
214 2032 439 2086 infinitis
478 2034 791 2103 flegmatum
833 2034 980 2086 vitiis
1027 2034 1360 2100 laborantes,
1406 2051 1614 2087 macros
1655 2034 1792 2103 sple-

53 2127 98 2160 25
122 2107 270 2159 nicos
318 2107 680 2175 dysentericos
733 2107 1056 2176 hydropicos
1102 2106 1455 2175 pleumaticos
1502 2108 1587 2160 vel
1634 2109 1791 2177 dysu-

123 2179 294 2233 riacos
335 2183 390 2232 et
430 2180 522 2248 qui
559 2181 854 2233 latentibus
901 2180 1156 2232 vitiorum
1195 2179 1469 2233 doloribus
1509 2185 1790 2251 torquean-

121 2257 233 2322 tur3
273 2253 364 2306 sed
402 2253 534 2305 haec
571 2270 668 2322 pro
708 2254 985 2323 signorum
1025 2254 1285 2322 qualitate
1326 2254 1578 2308 decernit.

269 2417 294 2455 3
326 2412 620 2456 mechanicas
651 2411 727 2455 uel
758 2411 1018 2455 metallicas
1048 2416 1093 2454 Η
1219 2416 1245 2456 5
1276 2413 1515 2470 pollitores
1547 2419 1591 2456 Π
1620 2414 1789 2471 pollin-

119 2473 242 2515 tores
267 2475 329 2513 Β*δ
420 2475 443 2514 7
477 2470 738 2528 adiungant
759 2475 827 2513 11⁸
917 2475 942 2514 8
974 2473 1232 2515 tornatores
1257 2471 1306 2515 A‘
1333 2473 1388 2527 cf.
1410 2476 1510 2528 139,
1528 2484 1583 2516 23.
1616 2477 1723 2526 221,
1741 2483 1789 2527 4,·

120 2545 184 2574 an
213 2529 536 2573 inauratores?
563 2532 568 2586 Ι
597 2529 818 2573 scultores
849 2534 894 2572 Μ
994 2535 1019 2574 9
1050 2533 1406 2586 praecantantes
1438 2530 1486 2573 A‘
1594 2535 1647 2574 10
1678 2530 1789 2575 tibi-

122 2588 222 2632 cine
253 2593 298 2631 Μ
339 2591 345 2645 Ι
387 2587 581 2644 facient,
615 2602 726 2632 corr.
759 2587 808 2630 A‘
945 2593 994 2631 11
1028 2588 1245 2633 notitiam
1277 2594 1322 2632 Μ
1453 2594 1506 2632 15
1533 2603 1620 2645 pro
1651 2591 1785 2634 inser.

122 2646 346 2691 Saturnus
363 2651 493 2690 MPR
520 2650 526 2703 Ι
555 2646 639 2690 sia
669 2661 750 2691 om.
776 2650 820 2689 M
911 2651 965 2690 16
991 2649 1039 2691 et
1059 2648 1142 2692 del.
1160 2647 1208 2691 A'
1303 2653 1356 2692 17
1381 2662 1563 2691 cursum
1588 2663 1720 2691 suum
1742 2653 1788 2691 1

123 2710 178 2749 18
201 2705 489 2762 lapidatione
521 2705 748 2749 dilacerat
770 2705 845 2749 uel
869 2704 1101 2763 dilapidat
1122 2711 1167 2749 Μ
1249 2712 1304 2751 20
1335 2706 1488 2750 reddit
1512 2706 1647 2750 orbos
1662 2707 1786 2766 Sittl]

119 2763 329 2808 redditur
357 2765 446 2808 hoc
569 2769 623 2807 22
657 2764 719 2808 sit
740 2778 822 2809 om.
847 2769 892 2809 Η
918 2765 924 2822 Ι
952 2767 1000 2808 et
1028 2766 1112 2811 del.
1137 2765 1186 2809 A'
1301 2770 1355 2809 23
1386 2765 1718 2822 psichrocoelio
1742 2770 1788 2809 Π

119 2821 465 2878 psychrocoelio
488 2828 566 2866 PB
596 2824 652 2878 cf.
673 2824 788 2869 Ptol.
808 2826 964 2867 3912&
1053 2829 1109 2867 24
1132 2838 1315 2882 magros
1407 2829 1461 2867 25
1485 2823 1786 2883 lipsetericOS,

121 2893 233 2925 corr.
266 2882 294 2924 εἰ.
320 2883 326 2939 Ι
353 2881 669 2938 pleumeticos‚
702 2897 812 2928 corr.
846 2886 884 2924 A
911 2884 916 2939 Ι
945 2881 1183 2928 disiriacos
1215 2888 1259 2927 u
1292 2882 1543 2939 dysiriacos
1575 2887 1653 2926 PB
