2014 3202
206 262 463 314 seriarum
504 262 739 314 adsiduis
785 261 1087 319 rationibus
1128 259 1325 330 quatit,
1375 259 1622 312 maximis
1670 261 1891 313 sudori?

205 337 305 387 bus
360 338 414 387 et
468 335 716 387 maximis
770 334 1047 387 laboribus
1101 334 1368 403 praesidia
1423 337 1764 403 quaerentes3
1817 338 1872 386 et
1914 335 1917 340 ’

206 427 326 461 cum
366 426 456 460 eos
494 409 698 461 vicinos
736 407 1086 461 felicitatibus
1126 407 1335 476 fecerit,
1383 426 1414 459 a
1453 425 1663 459 summo
1703 407 1871 477 gradu

207 482 405 535 caduca
464 500 647 534 rursus
710 481 840 534 facit
894 482 1188 535 deiectione
1243 481 1419 534 delabi
1489 484 1543 532 et
1604 481 1871 533 interdum

206 573 372 622 usque
414 553 479 607 ad
520 574 789 607 summum
826 555 1109 624 perductos
1148 574 1257 608 non
1295 554 1502 623 patitur
1526 554 1753 638 plenam
1789 555 1874 606 ad·
1920 574 1939 607 5
1996 540 2014 578 ‘5³

205 629 529 697 prehendere
570 627 899 682 felicitatem.
963 627 1067 681 Per
1104 647 1272 682 vacua
1311 630 1453 680 enim
1495 628 1650 698 signa
1687 646 1873 680 cursus

208 720 333 755 suos
373 703 608 772 dirigens
649 702 880 771 primam
920 705 1154 754 aetatem
1192 701 1324 755 facit
1363 702 1574 754 miseris
1615 719 1676 753 ac
1710 701 1874 754 variis

207 776 626 828 infortuniorum
677 776 889 829 casibus
940 775 1222 844 implicari.
1312 774 1415 828 Sed
1465 793 1586 828 cum
1637 775 1876 827 animum

208 853 262 901 et
308 866 499 918 corpus
540 850 691 920 gravi
737 849 1157 903 infortuniorum
1206 847 1608 901 continuatione
1658 867 1876 917 quassa-

206 922 345 975 verit
392 927 447 975 et
495 923 682 976 multis
728 923 1066 976 iuventutem
1107 921 1358 991 periculis
1405 922 1629 992 fregerit
1677 925 1730 974 et
1774 923 1874 975 hac
1900 942 1942 974 ιο
1983 940 2014 987 ἰ

208 1000 369 1065 atque
421 996 547 1050 illac
603 998 799 1050 misera
859 996 1291 1066 peregrinatione
1344 997 1686 1064 pertraxerit,
1748 999 1875 1048 tunc
2010 992 2014 1044 Ξ

207 1069 501 1123 multorum
556 1071 822 1123 bonorum
876 1073 930 1123 et
991 1070 1255 1122 maximae
1309 1069 1586 1122 felicitatis
1642 1068 1877 1122 decernit

209 1147 514 1227 augmenta,
559 1147 642 1213 ut,
689 1148 949 1215 quantum
995 1144 1201 1212 primae
1241 1143 1407 1196 aetati
1445 1142 1608 1195 fuerit
1652 1142 1878 1196 infortu-

207 1218 313 1270 niis
343 1218 676 1288 derogatum,
706 1221 920 1271 tantum
944 1217 1232 1286 posteriori
1256 1215 1530 1270 felicitatis
1557 1201 1876 1270 conferatur.

158 1293 191 1344 3
212 1290 269 1343 Si
315 1310 440 1344 vero
486 1310 583 1361 per
628 1311 852 1345 vacuum
906 1309 1123 1344 currens
1173 1290 1403 1344 Saturno
1460 1309 1515 1342 se
1561 1294 1751 1359 postea
1796 1289 1878 1342 vel
1902 1310 1943 1342 15

209 1363 374 1417 Marti
406 1366 757 1449 coniunxerit,
797 1365 1039 1418 infelices
1071 1363 1338 1417 lunaticos
1372 1365 1597 1418 caducos
1629 1363 1794 1417 faciet
1826 1367 1880 1416 et

209 1438 303 1506 qui
341 1438 446 1508 (a)
483 1440 659 1507 prima
698 1442 875 1492 aetate
913 1457 1082 1508 usque
1124 1439 1189 1491 ad
1227 1439 1578 1497 novissimam
1615 1438 1764 1491 vario
1803 1437 1879 1490 in-

209 1511 487 1565 felicitatis
520 1530 714 1583 genere
746 1513 1135 1582 deprimantur3
1168 1512 1331 1565 faciet
1362 1529 1622 1581 pauperes
1654 1510 1877 1564 miseros
1957 1563 1960 1569 ,

209 1585 500 1638 destitutos
542 1590 596 1638 et
637 1605 864 1654 quorum
912 1604 1105 1655 corpus
1156 1586 1228 1638 sit
1267 1585 1531 1655 (pannis)
1579 1583 1878 1654 male'pen-

211 1658 460 1711 dentibus
499 1659 715 1728 nudum,
764 1660 1010 1712 custodes
1052 1659 1459 1728 sepulchrorum
1501 1662 1595 1711 aut
1635 1658 1726 1726 qui
1763 1675 1874 1728 per·
1902 1679 1944 1710 20

209 1733 362 1801 petui
401 1732 628 1785 carceris
667 1751 841 1801 poena
878 1733 1175 1785 eludantur.

203 142 310 195 208
924 141 1151 241 {OEMICI
1327 185 1331 190 ,
1961 0 2014 251 ³

1983 250 2010 305 ξ

1990 460 2014 530 Ι

1998 598 2014 745 Ι

163 2027 191 2079 1
356 2026 658 2095 Explicatis
683 2026 1152 2079 coniunctionibus
1170 2025 1352 2081 Lunae
1377 2028 1430 2078 et
1455 2024 1702 2095 diligenti
1719 2025 1880 2094 signi-

212 2101 462 2153 ficatione
501 2100 816 2153 monstratis
855 2101 930 2171 gad
970 2100 1134 2152 aliam
1172 2099 1673 2168 interpretationem
1710 2102 1880 2152 trans-

212 2173 415 2226 feratur
455 2174 645 2242 orati0,
684 2173 854 2242 ipsius
895 2173 1102 2227 scilic-et
1140 2172 1336 2242 Lunae,
1381 2192 1447 2226 ne
1488 2173 1615 2241 quid
1654 2191 1685 2225 a
1722 2172 1879 2242 nobis
1904 2192 1945 2225 25

212 2247 270 2299 in
307 2250 421 2299 tam
462 2247 751 2300 subtilibus
791 2247 1248 2316 disputationibus
1288 2247 1730 2315 praetermissum
1764 2263 1881 2298 esse

213 2319 482 2390 videatur,
542 2321 861 2389 praesertim
917 2339 1038 2374 cum
1093 2324 1210 2373 tota
1262 2321 1405 2373 vitae
1461 2318 1766 2372 substantia
1818 2337 1882 2371 ex

214 2393 370 2446 istius
408 2394 643 2446 numinis
685 2394 926 2447 cursibus
967 2394 1267 2464 colligatur.

364 2571 386 2610 1
413 2565 676 2611 rationibus
692 2572 968 2622 suspeetum;
991 2568 1110 2612 velut
1130 2565 1557 2611 continuationibus
1575 2566 1625 2609 cl.
1644 2568 1716 2618 44,
1727 2575 1759 2607 2.
1775 2568 1882 2619 210,
1915 2609 1919 2613 ,

216 2636 259 2666 21
351 2630 374 2670 7
401 2624 606 2683 dirigens
624 2623 701 2693 A]
727 2624 930 2690 dirigent
952 2631 1043 2669 MV
1068 2625 1268 2684 diligent
1289 2630 1367 2668 PB
1457 2629 1482 2667 9
1515 2622 1801 2667 continuatio
1831 2625 1884 2667 in

216 2685 304 2738 fine
328 2684 477 2727 liwu
570 2689 623 2727 12
654 2682 879 2727 maximas
910 2684 1175 2740 felicitates,
1207 2699 1318 2729 corr.
1343 2682 1391 2726 A'
1501 2687 1554 2725 13
1587 2683 1659 2740 ut]
1691 2684 1774 2725 aut
1794 2686 1839 2725 Π
1872 2681 1879 2740 Ι

220 2742 402 2799 aetatis,
431 2757 544 2786 corr.
576 2757 606 2785 v
631 2745 638 2798 1
664 2741 818 2785 fuerut
840 2747 885 2784 Μ
912 2744 917 2799 Ι
944 2721 1192 2787 infortunis
1216 2747 1296 2786 PB
1416 2746 1471 2784 14
1500 2742 1633 2784 tanto
1657 2740 1885 2796 posterior

217 2800 538 2856 felicitatibuS‚
563 2815 673 2845 corr.
695 2799 743 2843 A‘
853 2806 905 2843 17
933 2815 960 2844 a
984 2803 1088 2847 add.
1114 2817 1143 2845 v
1249 2806 1301 2844 19
1325 2800 1469 2855 suppl.
1489 2799 1670 2843 Dressel
1689 2801 1741 2844 cl
1760 2799 1892 2843 VIII

217 2860 295 2912 fol.
331 2859 417 2903 GV
450 2861 530 2904 col.
564 2863 593 2903 3
632 2860 695 2903 i‘n
859 2863 914 2902 20
945 2861 1117 2917 nudus,
1163 2874 1274 2905 corr.
1306 2858 1354 2901 A'
1414 2869 1420 2913 ι
1475 2857 1708 2914 perpetuis
1755 2862 1883 2901 11²3
1923 2912 1926 2913 ⁷

220 2921 274 2959 27
305 2918 695 2973 praesertim—28
728 2916 975 2974 colligatur
1005 2933 1086 2963 om
1112 2923 1149 2961 V
