2014 3202
791 119 858 164 ΠΙ
882 123 922 176 3,
947 131 1106 164 12—17.
1682 119 1783 171 111

114 243 290 313 spatia
328 242 588 312 decernit3
629 241 720 294 sed
757 240 995 293 filiorum
1031 239 1211 292 locum
1251 243 1306 292 et
1345 240 1588 311 coniugis
1621 241 1787 309 †noc-

111 321 304 370 turnus
345 317 574 370 maxime
613 318 815 382 versat3
861 332 989 366 nam
1036 316 1090 366 et
1137 313 1469 366 carissimam
1520 318 1575 366 et
1617 332 1788 366 mora—

113 396 228 444 tam
274 408 494 444 uxorem
543 388 762 442 amittat
807 405 1022 441 necesse
1071 391 1177 456 est,
1231 391 1284 440 et
1335 389 1503 440 amati
1549 388 1649 439 filii
1703 389 1787 440 vel

116 465 260 517 filiae
299 465 550 518 miseram
588 462 793 515 videbit
832 465 1076 515 mortem.
1156 461 1214 514 Si
1260 480 1386 514 vero
1433 479 1528 531 per
1573 464 1789 518 noctem

74 561 94 593 5
119 540 174 591 in
214 556 277 592 eo
316 539 436 591 loco
476 537 755 608 geniturae
795 535 958 588 fuerit
997 535 1261 603 inventuS,
1302 539 1573 589 crescente
1615 538 1790 588 aetate

118 614 407 682 augmenta
438 609 751 680 patrimonii
791 609 1154 678 consequitur,
1194 609 1477 663 mediocris
1510 626 1637 662 vero
1671 609 1792 662 sub-

118 686 348 739 stantiae
382 685 485 738 erit
516 688 570 737 et
601 687 877 736 tantarum
909 683 1243 751 facultatum,
1282 687 1344 736 ut
1378 702 1444 736 ne
1479 683 1606 752 quid
1638 682 1793 735 desit.

263 759 326 812 In
360 761 550 812 octavo
582 758 702 811 loco
733 757 979 826 Iuppiter
1019 757 1085 809 ab
1121 758 1421 826 horoscopo
1463 757 1791 810 constitutus

116 833 411 887 labefactat
434 832 742 902 frequenter
764 831 1152 901 patrimonium
1177 835 1232 883 et
1255 831 1503 884 inimicos
1529 831 1792 884 maximos

5 945 11 949 -
55 929 97 961 10
120 908 253 961 facit
292 910 346 960 et
386 907 677 959 seditiones
716 905 1026 974 frequenter
1066 924 1129 957 ex
1159 906 1374 974 popuIO,
1414 909 1468 958 et
1506 904 1794 957 malitiosis

121 999 333 1051 semper
358 981 568 1034 actibus
595 984 900 1049 occupatOS,
930 979 1061 1031 facit
1094 980 1259 1031 etiam
1283 978 1552 1049 ignobiles
1586 983 1641 1031 et
1666 979 1796 1031 stul-

117 1061 232 1108 tam
270 1055 536 1108 iactantes
577 1054 1003 1122 animositatem,
1040 1056 1418 1121 praeposteros
1467 1058 1522 1106 et
1567 1070 1793 1122 quorum

117 1129 270 1183 furor
309 1129 373 1181 ad
414 1128 682 1181 insaniam
720 1129 999 1196 procedat,
1045 1126 1365 1195 praesertim
1413 1127 1459 1179 si
1499 1127 1576 1180 sic
1614 1127 1794 1196 posito

118 1203 247 1256 Iove
288 1203 560 1256 cardinem
601 1202 837 1270 aliquem
878 1201 1155 1271 geniturae
1188 1200 1442 1253 malivola
1475 1201 1632 1254 stella
1671 1218 1795 1269 pos-

56 1298 96 1331 15
122 1276 334 1330 sederit.
412 1275 617 1338 Quodsi
673 1275 731 1327 in
784 1293 846 1327 eo
901 1276 1020 1327 loco
1076 1275 1404 1327 constitutus
1467 1275 1550 1327 vel
1614 1292 1795 1327 secum

119 1351 373 1403 habuerit
433 1349 761 1403 Mercurium
829 1349 914 1402 vel
977 1367 1095 1401 eum
1159 1348 1429 1419 trigonica
1496 1348 1795 1401 radiatione

120 1423 417 1493 respexerit
478 1426 532 1476 et
583 1423 631 1475 ei
686 1440 928 1476 crescens
975 1421 1129 1474 Luna
1191 1440 1246 1474 se
1301 1422 1442 1475 bona
1494 1422 1795 1474 radiatione

121 1497 481 1565 coniunxerit,
520 1496 683 1549 faciet
724 1500 818 1549 aut
856 1499 1232 1564 procuratores
1272 1513 1462 1565 regum
1502 1499 1596 1548 aut
1635 1496 1795 1548 ratio-

118 1573 268 1625 nales
323 1575 418 1624 aut
473 1570 666 1639 quibus
720 1570 1003 1622 nuntiandi
1057 1573 1301 1638 potestas
1356 1569 1688 1639 conceditur,
1742 1573 1795 1622 et

54 1667 96 1699 20
120 1664 330 1715 semper
367 1645 425 1697 in
463 1644 638 1713 prima
678 1647 855 1696 aetate
897 1643 1207 1696 morientur.

267 1719 332 1772 In
368 1736 511 1771 nono
550 1717 669 1771 loco
709 1717 954 1787 Iuppiter
1001 1718 1068 1770 ab
1107 1718 1410 1786 horoscopo
1451 1717 1796 1785 constitutam,

122 1794 168 1847 si
208 1793 398 1846 diurna
435 1791 601 1845 fuerit
641 1791 740 1858 [in]
783 1791 1056 1862 genitura,
1102 1792 1264 1845 faciet
1304 1810 1448 1858 eum,
1496 1793 1587 1861 qui
1632 1795 1794 1844 natus

122 1870 227 1936 est,
271 1867 457 1919 futura
497 1883 736 1935 quaeque
776 1866 950 1918 dicere
999 1869 1053 1918 et
1098 1865 1276 1918 reddit
1319 1866 1540 1918 deorum
1587 1883 1797 1933 semper

122 1941 459 2009 interpretes
523 1938 750 2002 Quidam
786 1944 967 1992 autem
1007 1942 1062 1991 et
1094 1939 1393 1992 sacerdotia
1426 1942 1795 2004 consecuntur,

15 2079 17 2081 ,
57 2035 99 2068 25
124 2015 244 2067 aliis
290 2013 423 2067 facit
476 2014 539 2065 de
586 2012 804 2082 templis
860 2012 1090 2066 conferri
1141 2012 1344 2082 aliquid
1391 2013 1650 2081 muneriS,
1704 2013 1796 2064 sed

123 2088 392 2140 interdum
430 2085 563 2139 facit
609 2090 662 2139 et
702 2087 895 2139 damna
941 2090 995 2138 et
1035 2090 1216 2138 aestus
1259 2086 1461 2152 [damni
1501 2088 1573 2152 et]
1616 2086 1796 2138 animi.

126 2160 182 2215 Si
207 2179 332 2214 vero
357 2163 514 2213 nocte
546 2161 602 2213 in
627 2178 689 2214 eo
714 2162 834 2213 loco
862 2160 1027 2212 fuerit
1052 2159 1395 2227 constitutuS,
1428 2160 1560 2212 facit
1586 2178 1798 2229 semper

123 2235 263 2288 falsa
295 2234 504 2287 somnia
536 2235 866 2287 somniantes
908 2236 962 2286 et
995 2234 1085 2302 qui
1120 2234 1182 2286 de
1215 2234 1316 2286 diis
1356 2233 1664 2302 frequenter
1704 2233 1797 2286 ali-

5 2364 6 2367 ,
126 2310 256 2378 quid
294 2309 639 2375 mentiantur,
678 2311 733 2360 et
766 2308 858 2376 qui
890 2308 952 2359 de
986 2308 1205 2359 deorum
1239 2307 1476 2360 sortibus
1509 2326 1659 2378 spem
1692 2307 1795 2360 sibi

7 2388 17 2435 ἶ
59 2404 102 2436 30
126 2383 362 2452 aliquam
386 2382 756 2451 polliceantur,
785 2384 839 2433 et
864 2381 955 2449 qui
981 2399 1037 2434 se
1062 2399 1126 2433 ex
1149 2381 1252 2434 hoc
1275 2385 1558 2451 vegetatos
1585 2400 1796 2450 semper

124 2456 448 2509 existiment.

273 2620 295 2659 1
329 2615 457 2659 locus
489 2614 619 2672 (locis
650 2617 736 2670 ΡΒ),
769 2627 881 2658 corr.
914 2629 943 2656 v
974 2614 1029 2669 cf.
1056 2617 1161 2670 120,
1185 2626 1240 2659 28.
1273 2618 1378 2670 142,
1401 2626 1422 2657 3
1463 2615 1470 2673 1
1520 2615 1585 2672 et]
1618 2628 1672 2658 ac
1702 2619 1759 2656 Pa
1786 2613 1791 2672 Ι

123 2673 362 2718 nocturnis
408 2678 471 2716 Ba
523 2673 760 2718 nociturus
807 2674 1051 2717 Buecheler
1097 2687 1122 2717 σ
1273 2679 1326 2717 11
1376 2673 1612 2718 aetatibus
1667 2677 1796 2715 PRV

127 2738 180 2776 13
212 2732 431 2776 insiniam
461 2737 540 2775 PR
655 2738 707 2776 16
742 2746 847 2775 eum
878 2731 948 2790 A']
982 2746 1085 2775 cum
1112 2734 1118 2789 Ι
1145 2732 1340 2789 ratione,
1372 2747 1482 2777 corr.
1516 2731 1564 2774 A‘
1661 2736 1713 2774 17
1723 2755 1726 2758 ·
1747 2744 1796 2775 se

126 2798 229 2836 ante
256 2805 462 2836 crescens
486 2796 530 2833 Μ
621 2796 674 2835 18
709 2793 790 2835 aut
806 2792 960 2849 prius]
994 2793 1149 2835 autem
1172 2797 1217 2835 M
1307 2797 1362 2835 22
1395 2793 1477 2836 del.
1503 2789 1551 2833 A‘
1646 2795 1700 2833 23
1733 2805 1796 2834 an

126 2849 283 2894 futura
311 2849 605 2908 praedicere?
748 2855 803 2895 24
837 2853 1174 2906 consequentur
1203 2856 1248 2894 Η
1391 2855 1445 2894 25
1479 2849 1659 2905 aliquid
1690 2863 1796 2894 con-

126 2907 236 2952 ferri
265 2914 310 2951 11
428 2914 483 2954 26
519 2910 601 2954 del.
634 2909 740 2954 Sittl

1814 760 1883 812 16

1816 1720 1881 1771 17
