2014 3202
807 28 825 71 N

194 121 265 173 52
922 119 1151 164 FIRMICI

195 241 478 294 recesserit
516 239 766 308 partibus
813 239 953 292 idest
1000 259 1121 293 cum
1167 240 1490 309 praecedens
1535 244 1655 293 orta
1692 241 1873 310 fuerit,

197 313 464 367 matutina
502 316 601 366 est.
678 311 856 366 Simili
894 315 1053 366 modo
1094 314 1260 366 etiam
1297 313 1442 367 Iovis
1481 313 1587 366 XII
1623 315 1873 383 partibus
1921 360 1924 364 ,

195 388 446 440 recedens
509 386 763 455 (ortum)
824 387 1150 440 matutinum
1212 387 1344 441 facit
1406 387 1875 458 [praecedentem]

196 461 380 514 Venus
413 460 562 513 VIII.
623 460 770 512 Mars
803 460 975 521 etiam·
997 462 1319 530 praecedens
1362 466 1416 513 et
1454 462 1511 514 in
1541 461 1686 514 VIII.
1719 467 1873 531 parte

196 536 524 588 constitutus
565 534 861 586 matutinus
902 534 1149 588 efficitur.
1211 534 1508 587 Mercurius
1548 537 1870 604 praecedens
1918 557 1938 590 5

196 612 250 662 et
280 609 335 662 in
366 607 571 661 XVIII.
602 615 755 676 parte
789 610 1117 661 constitutus
1150 609 1449 662 matutinus
1482 613 1580 663 est.
1646 609 1872 680 Vesper-

196 683 342 735 tinae
389 700 515 735 vero
564 685 713 749 sunt,
768 700 890 735 cum
935 683 992 734 in
1037 683 1145 735 isto
1191 682 1430 752 partium
1476 702 1700 736 numero
1749 702 1874 737 con-

200 757 423 809 stitutae
466 755 648 808 Solem
685 754 888 808 fuerint
926 757 1258 809 subsecutae.

245 918 310 971 X.
365 917 501 986 <DE
541 916 872 972 MORIBUS
914 916 1299 971 SIGNORUM
1337 917 1431 971 ET
1470 917 1829 988 NATURA.)

149 1022 176 1073 l
343 1021 501 1074 Nunc
549 1022 611 1074 de
651 1020 759 1073 XII
805 1021 1085 1091 signorum
1129 1024 1326 1074 nat-ura
1371 1021 1562 1074 formis
1611 1022 1870 1091 qualitate
1899 1045 1941 1076 ιο

195 1096 517 1149 substantiis
544 1095 779 1147 anaforis
805 1095 1071 1163 explicare
1095 1095 1367 1163 debemu8‚
1390 1098 1451 1147 ut
1475 1099 1648 1148 totam
1675 1096 1870 1164 plenis-

196 1171 328 1221 sime
374 1170 534 1221 huius
583 1169 715 1221 artis
760 1167 1041 1240 scientiam
1088 1168 1390 1221 manifestis
1438 1168 1867 1238 expositionibus

199 1244 525 1295 intimemus,

146 1317 177 1368 2
345 1317 499 1369 Aries
540 1319 623 1368 est
662 1316 879 1385 signum
916 1314 974 1367 in
1003 1315 1151 1369 caelo
1191 1315 1550 1368 masculinum
1588 1316 1870 1386 aequinoc-

197 1391 326 1443 tiale
374 1389 660 1443 solstitiale
707 1390 911 1459 regale,
956 1389 1192 1459 ignitum
1240 1390 1306 1442 ad
1354 1389 1686 1458 laniandum,
1742 1409 1870 1459 qua-
1896 1412 1938 1444 15

198 1465 392 1533 drupes
438 1464 715 1532 corporale
762 1464 930 1516 oculis
977 1463 1248 1532 languidis
1296 1463 1609 1531 erraticum,
1657 1464 1801 1532 quod
1840 1483 1872 1516 a

201 1537 420 1590 Graecis
472 1578 483 1589 .
516 1578 527 1589 .
561 1579 571 1589 .
604 1578 642 1606 .,
697 1554 996 1588 consonans
1036 1537 1359 1589 indomitum
1397 1536 1650 1605 inpurum
1696 1536 1873 1589 libidi-

198 1629 411 1680 nosum3
443 1611 631 1663 domus
657 1609 866 1679 Martis,
889 1609 1118 1662 altitudo
1145 1608 1286 1662 Solis
1313 1611 1454 1663 circa
1479 1615 1688 1677 partem
1712 1609 1872 1679 XIX.,

199 1685 425 1737 deiectio
452 1683 671 1737 Saturni
703 1684 844 1736 circa
874 1686 1084 1751 partem
1110 1682 1268 1749 XIX„
1300 1684 1575 1753 trigonum
1606 1702 1703 1752 per
1731 1684 1872 1736 diem

148 1757 359 1827 3solis,
395 1776 492 1827 per
527 1761 743 1810 noctem
774 1757 932 1810 Iovis.
1008 1756 1415 1826 Aequinoctiale
1460 1757 1540 1808 vel
1587 1758 1877 1810 solstitiale
1902 1781 1944 1812 20

202 1832 320 1886 ideo
361 1832 566 1884 dictum
605 1834 709 1900 est,
758 1831 901 1900 quod
945 1829 1002 1882 in
1046 1831 1150 1883 hoc
1189 1830 1344 1899 signo
1391 1831 1552 1882 horas
1591 1831 1768 1884 noctis
1815 1850 1877 1884 ac

344 1967 369 2005 2
402 1963 474 2005 est
504 1961 551 2019 u]
585 1963 632 2004 et
687 1962 693 2018 Ι
749 1959 868 2004 Iovis
898 1960 984 2003 XII
1021 1974 1103 2004 om.
1135 1961 1188 2004 in
1219 1961 1302 2004 lac.
1335 1965 1363 2003 c
1421 1964 1427 2015 Ι
1483 1960 1694 2016 partibus
1727 1974 1810 2005 om.
1843 1967 1877 2004 F

204 2027 230 2065 3
261 2035 374 2066 corr.
399 2038 440 2077 κ,
470 2019 705 2064 matutina
727 2019 780 2062 fit
802 2020 1082 2076 praecedens
1109 2019 1343 2063 Manitius
1371 2020 1536 2075 (possis
1559 2019 1768 2076 Iuppiter
1794 2057 1802 2064 .
1831 2057 1838 2064 .
1868 2057 1876 2064 .

194 2079 478 2136 matutinus)
589 2085 618 2123 4
647 2078 803 2122 Venus
826 2078 934 2122 VIII
955 2079 1080 2122 Mars
1104 2092 1186 2123 om.
1212 2079 1263 2122 in
1286 2079 1368 2122 lac.
1395 2084 1423 2120 c
1450 2081 1455 2134 Ι
1483 2077 1532 2121 in
1557 2092 1639 2122 om.
1663 2084 1698 2121 F
1724 2080 1730 2136 Ι
1757 2079 1876 2122 VIII.

205 2153 288 2183 om.
323 2140 375 2182 in
407 2140 489 2183 lac.
514 2143 552 2181 A
586 2141 592 2194 Ι
633 2137 844 2194 partibus
875 2143 953 2180 DF
1074 2141 1099 2181 5
1130 2136 1389 2180 matutinus
1421 2151 1502 2181 om.
1535 2143 1569 2179 F
1612 2138 1618 2195 Ι
1660 2137 1877 2196 efficitur]

197 2200 277 2241 est
307 2203 335 2240 c
377 2200 383 2255 Ι
424 2196 678 2241 Mercurius
698 2223 753 2228 —
771 2201 797 2240 6
830 2198 901 2240 est
931 2211 1013 2241 om.
1039 2202 1067 2239 c
1159 2201 1184 2240 6
1217 2195 1497 2239 constitutus
1529 2201 1566 2238 A
1593 2199 1598 2252 Ι
1625 2196 1894 2252 procedens·

204 2255 255 2299 in
285 2270 368 2300 om.
401 2259 449 2299 et
477 2261 512 2299 F
619 2260 642 2299 7
675 2269 781 2299 vero
813 2271 895 2300 om.
921 2260 1000 2298 AB
1076 2260 1117 2301 Δ9
1148 2255 1283 2300 inser.
1315 2270 1370 2299 ex
1399 2256 1563 2309 indice,
1594 2256 1666 2300 hic
1694 2255 1763 2298 De
1793 2255 1879 2299 XII

206 2314 352 2371 signis
384 2317 432 2358 et
461 2317 631 2358 natura
662 2328 820 2358 eorum
851 2316 898 2359 ct
922 2313 1124 2358 anaforis
1148 2318 1314 2357 ABDF
1345 2314 1413 2357 De
1439 2316 1609 2357 natura
1641 2313 1879 2370 signorum

207 2375 255 2416 et
285 2373 343 2416 de
374 2373 464 2416 fide
503 2375 550 2416 et
589 2374 646 2418 de
678 2375 777 2431 (om.
809 2375 861 2430 F>
892 2373 1138 2431 generibus
1171 2379 1199 2416 c
1237 2378 1278 2417 et
1308 2379 1413 2429 post
1451 2374 1639 2418 alteram
1676 2373 1811 2417 inser.
1843 2378 1878 2415 Ε·

208 2436 262 2475 11
296 2431 561 2475 substancia
585 2438 613 2474 c
706 2437 760 2475 14
793 2434 883 2490 est]
915 2432 1058 2476 etiam
1081 2438 1110 2475 c
1136 2431 1142 2490 Ι
1169 2430 1219 2475 in
1243 2431 1371 2475 caelo
1396 2431 1580 2489 signum
1603 2437 1638 2474 D
1665 2432 1671 2488 Ι
1698 2444 1878 2475 mascu-

205 2490 354 2534 linum
383 2504 465 2535 om.
497 2495 532 2532 F
622 2494 677 2533 15
708 2491 941 2535 solstitiale
969 2505 1064 2535 non
1098 2496 1174 2545 est,
1203 2490 1334 2535 vertit
1364 2490 1626 2546 ἰσημερινὸν
1655 2489 1878 2545 τροπικόν

207 2551 264 2604 cf.
291 2553 365 2604 53,
388 2560 410 2590 2
438 2549 586 2605 Heph.
616 2551 691 2602 47,
717 2560 757 2590 10
813 2552 819 2605 Ι
876 2556 938 2594 est
968 2548 1204 2608 βασιλικόν
1242 2555 1282 2593 et
1311 2551 1520 2604 πυρῶδες
1550 2550 1616 2593 vel
1646 2547 1878 2603 διάπυρον

211 2609 408 2652 Maxim.
434 2611 540 2662 107,
565 2618 597 2651 6.
631 2610 735 2661 105,
758 2619 813 2650 24.
847 2613 952 2662 109,
974 2621 1014 2650 16
1069 2610 1075 2667 Ι
1134 2608 1193 2652 ad
1222 2607 1493 2651 laniandum
1523 2613 1785 2663 suspectum,
1817 2622 1880 2651 an

209 2666 422 2710 lanatum
450 2667 541 2711 sive
570 2665 863 2723 lanigerum?
890 2669 895 2724 Ι
923 2667 1210 2724 quadruplex
1240 2672 1268 2709 Ο
1390 2671 1442 2709 17
1476 2668 1557 2710 lac.
1590 2666 1765 2709 indicat
1798 2671 1833 2708 D
1868 2666 1876 2725 Ι

212 2739 468 2769 consonans
499 2726 555 2780 cf.
581 2726 673 2768 III
691 2729 732 2768 6.
758 2735 778 2765 3
805 2727 810 2780 Ι
838 2724 1021 2782 ἀσελγές
1053 2727 1249 2771 Maoeim.
1274 2729 1381 2779 108,
1398 2736 1439 2766 25
1560 2729 1613 2767 18
1644 2723 1808 2781 Martis
1840 2730 1881 2769 et

211 2783 331 2828 Solis
366 2798 449 2829 om.
480 2785 532 2828 in
564 2784 646 2828 Zac.
673 2789 700 2826 c
727 2785 733 2841 Ι
760 2786 916 2840 partes
945 2790 979 2826 F
1071 2790 1125 2828 19
1158 2782 1355 2828 delectio
1379 2788 1416 2826 A
1443 2784 1448 2841 Ι
1477 2781 1664 2827 Saturni
1694 2788 1735 2827 et
1759 2783 1877 2828 XIX.

212 2855 294 2886 om.
326 2844 462 2887 inlac.
496 2849 524 2886 c
579 2845 586 2900 Ι
641 2844 798 2899 partes
838 2848 952 2885 cm?
1010 2846 1015 2899 Ι
1072 2843 1211 2901 ΧΙΧ.]
1242 2842 1327 2885 XX
1475 2847 1531 2885 20
1562 2841 1701 2899 Iovis]
1735 2856 1816 2885 om.
1850 2848 1878 2885 c

213 2904 268 2943 21
301 2901 427 2956 quod
448 2901 537 2945 hoc
560 2901 744 2959 signum
766 2906 800 2944 F
829 2907 942 2947 recte
969 2903 1064 2946 nisi
1093 2903 1225 2946 malis
1255 2900 1387 2958 signo
1413 2900 1560 2959 (Sol)
1589 2902 1595 2958 Ι
1623 2901 1733 2943 hore
1764 2905 1879 2943 cnr
