2014 3202
822 124 864 167 Π
891 129 929 180 1,
955 128 1077 179 3-3,
1103 137 1135 168 3.
1744 124 1816 174 43

140 246 312 299 linum
353 249 459 316 est,
503 246 649 299 aliud
687 244 1028 314 femininum3
1080 244 1222 313 quod
1260 248 1322 296 ut
1362 244 1701 298 manifestius
1740 244 1816 297 in-

141 320 329 390 tellegi
367 320 556 388 possit,
596 319 778 372 omnia
809 318 1113 387 specialiter
1149 318 1489 387 explicemus.
1552 318 1868 373 Saturnus5

111 393 307 446 habet
338 394 669 446 domicilium
700 393 758 444 in
789 392 1030 461 Aquario
1063 395 1118 454 et
1149 390 1493 462 Capricorno,
1524 411 1588 445 ex
1621 393 1815 461 quibus

139 467 412 536 Aquarius
475 467 833 519 masculinum
895 469 999 533 est,
1061 452 1421 533 Capricornus
1482 465 1815 518 femininum.

100 563 120 595 5
144 541 403 610 Iuppiter
433 541 490 593 in
530 539 829 610 Sagittario
876 547 931 592 et
968 508 1218 592 Piscibus
1265 539 1430 592 habet
1469 540 1817 607 domicilium,

143 616 234 667 sed
281 634 344 667 ex
383 615 468 667 his
515 633 683 667 unum
722 613 1079 667 masculinum
1118 617 1221 681 est,
1271 613 1622 683 SagittariuS,
1668 614 1818 666 femi-

142 689 330 741 ninum
367 707 493 741 vero
532 687 730 741 Pisces,
807 687 953 740 Mars
997 689 1055 739 in
1098 688 1278 740 Ariete
1326 691 1380 740 et
1425 688 1483 740 in
1523 686 1816 756 Scorpione

142 763 470 815 domicilium
506 762 807 832 collocavit,
839 779 904 814 ex
929 762 1123 830 quibus
1157 761 1513 814 masculinum
1537 765 1619 814 est
1646 761 1818 829 ArieS,

141 836 460 888 femininum
501 835 769 905 Scorpius.
844 835 1071 888 Veneris
1111 836 1302 888 domus
1343 839 1468 888 sunt
1506 834 1715 888 Taurus
1763 839 1819 888 et

4 970 18 977 -
76 933 118 963 10
145 909 322 976 Libra,
361 929 424 962 ex
465 910 660 978 quibus
694 910 859 962 Libra
890 909 1248 962 masculinum
1281 910 1497 978 signum
1529 912 1626 977 est,
1665 908 1817 961 femi-

143 984 325 1036 ninum
363 1002 489 1036 vero
529 983 754 1036 Taurus.
831 983 1130 1037 Mercurius
1178 983 1513 1035 domicilium
1551 982 1718 1035 habet
1761 983 1819 1035 in

132 1056 381 1110 Geminis
436 1061 492 1110 613
538 1056 786 1127 Virgine,
841 1076 906 1110 ex
952 1057 1147 1125 quibus
1197 1055 1548 1109 Geminorum
1602 1056 1819 1125 quidem

137 1131 355 1202 'signum
395 1131 754 1184 masculinum
795 1136 893 1199 est,
933 1130 1178 1200 Virginis
1217 1149 1344 1184 vero
1385 1130 1722 1183 femininum.

139 1307 234 1360 III.
295 1307 392 1359 DE
450 1306 1021 1362 ALTITUDINIBUS
1083 1307 1178 1360 ET
1240 1305 1817 1360 DEIECTIONIBUS

75 1417 116 1450 15
754 1395 1212 1449 STELLARUM.

288 1512 434 1566 Scire
497 1515 662 1566 etiam
723 1514 1065 1566 altitudinem
1127 1518 1181 1566 613
1241 1514 1676 1567 humiliationem
1731 1514 1815 1566 de·
1839 1518 1863 1567 l

138 1588 338 1654 bemUS,
379 1606 513 1656 quae
553 1587 664 1640 sint
695 1589 978 1640 stellarum
1010 1587 1325 1640 altitudines
1368 1588 1719 1657 singularum,
1756 1587 1815 1639 in

139 1661 334 1729 quibus
371 1662 607 1713 naturali
647 1662 879 1731 quadam
918 1661 1254 1714 sublimitate
1289 1662 1677 1732 magnitudinis
1718 1662 1818 1714 eri-

137 1738 360 1804 guntur,
415 1739 470 1787 et
525 1754 662 1804 quae
720 1736 830 1788 sint
887 1753 1071 1788 earum
1118 1736 1468 1806 deiectioneS,
1518 1736 1575 1788 in
1622 1735 1816 1804 quibus

71 1831 113 1862 20
137 1810 464 1861 constitutae
503 1827 762 1878 oppressa
794 1810 1134 1862 auctoritatis
1167 1828 1294 1862 suae
1334 1813 1606 1878 potestate
1646 1810 1818 1862 minu-

138 1886 311 1934 untur.
386 1882 452 1935 In
499 1882 877 1935 altitudinibus
908 1882 1115 1952 ¹itaque
1165 1884 1276 1936 suis
1328 1883 1566 1953 gaudent
1622 1883 1868 1936 consti-2

137 1958 301 2024 tutae,
330 1961 384 2008 et
414 1964 540 2009 tunc
573 1957 837 2009 maximae
862 1956 1142 2010 felicitatis
1175 1958 1534 2010 decernuntur
1564 1957 1815 2025 insignia,

137 2030 386 2098 quotiens
418 2030 475 2082 in
506 2030 768 2100 genituris
794 2031 1075 2083 hominum
1106 2032 1342 2083 maxima
1373 2031 1655 2083 stellarum
1687 2048 1812 2098 pars

136 2103 405 2171 partiliter
438 2105 788 2156 altitudinum
821 2123 1040 2157 suarum
1073 2105 1230 2173 signa
1261 2104 1612 2172 possederint.
1662 2103 1814 2156 Tunc

73 2197 113 2230 25
139 2195 261 2228 vero
316 2176 560 2241 homines
615 2178 996 2231 infelicitatum
1049 2178 1362 2231 infortuniis
1419 2178 1814 2247 opprimuntur,

139 2250 386 2320 quotiens
426 2251 708 2304 stellarum
739 2270 863 2321 pars
897 2252 1132 2303 maxima
1169 2251 1226 2303 in
1257 2251 1342 2303 his
1380 2252 1654 2320 partiliter
1693 2269 1811 2304 con-

138 2324 331 2376 stituta
370 2324 548 2392 fuerit,
586 2326 644 2377 in
683 2326 878 2394 quibus
916 2324 1109 2377 humili
1140 2325 1436 2378 deiectione
1477 2326 1708 2378 multum
1749 2325 1812 2377 de

137 2415 235 2449 sua
257 2401 527 2467 potestate
559 2398 855 2451 dimittunt.
914 2399 1248 2451 Altitudines
1281 2402 1462 2451 autem
1487 2399 1662 2452 dictae
1688 2402 1814 2451 sunt
1835 2399 1867 2450 3

77 2516 81 2520 .
139 2472 208 2524 ob
248 2471 372 2537 hoc,
421 2473 584 2541 quod,
636 2491 758 2525 cum
797 2473 853 2524 in
891 2473 1011 2540 ipsa
1048 2477 1203 2541 parte
1250 2466 1472 2526 fuerint
1500 2473 1713 2541 stellae,
1760 2472 1817 2524 in

74 2565 118 2598 so
141 2562 246 2613 qua
293 2545 623 2616 exaltantur,
669 2547 725 2599 in
772 2547 1053 2614 oportunis
1104 2546 1309 2599 scilicet
1356 2546 1637 2616 geniturae
1683 2545 1817 2597 locis

290 2679 315 2718 5
347 2674 520 2732 iupiter
547 2681 624 2719 BV
746 2681 772 2719 6
805 2690 948 2718 unum
978 2690 1060 2720 om.
1093 2676 1142 2719 A‘
1268 2682 1292 2720 9
1325 2678 1379 2721 de
1409 2677 1570 2731 formis
1602 2673 1819 2731 Scorpius

141 2738 183 2778 et
212 2733 400 2790 Scorpio
431 2736 551 2779 nihil
573 2741 862 2791 praestamus
983 2739 1037 2778 10
1068 2734 1254 2792 signum
1285 2750 1367 2779 om.
1400 2740 1438 2777 V
1561 2739 1615 2777 19
1648 2735 1758 2777 sunt
1787 2738 1820 2776 P

142 2795 195 2835 21
229 2792 508 2850 gaudentes,
548 2808 661 2838 corr,
694 2808 749 2838 κσ
787 2793 994 2850 gaudent
1031 2807 1132 2838 esse
1164 2795 1416 2839 Mommsen
1473 2794 1477 2850 Ι
1536 2791 1821 2836 constitutae

142 2862 227 2894 om.
256 2855 294 2893 V
443 2857 499 2895 26
528 2852 743 2910 partibus
775 2868 802 2894 a.
951 2857 1006 2896 27
1045 2852 1188 2897 fuerit
1225 2853 1370 2910 signis
1403 2852 1554 2896 Paris.
1684 2855 1739 2895 28
1772 2851 1822 2895 kc

145 2908 218 2964 (=
243 2912 408 2966 autem)
439 2917 479 2956 et
516 2926 572 2956 ss.
606 2914 763 2955 autem
795 2926 824 2954 a
856 2911 948 2954 m1‘?
981 2913 1114 2968 (idem
1145 2917 1218 2968 44,
1240 2916 1278 2966 4)
1309 2916 1342 2953 P
