2014 3202
836 89 901 134 ΠΙ
924 92 965 147 5,
989 102 1126 135 8—13.
1715 91 1816 144 131

147 211 361 265 eosdem
407 214 533 281 post
578 210 869 264 maximam
907 210 1377 279 depraedationem
1415 212 1500 264 vel
1539 214 1667 280 post
1704 231 1818 265 ma-

146 285 318 338 ximas
356 285 569 354 rapinas
608 284 692 337 vel
732 286 857 352 post
888 283 1132 337 inmensa
1162 284 1309 337 furta
1339 286 1519 338 exules
1551 284 1705 339 facit
1722 291 1818 339 aut

145 359 508 412 biothanatos,
587 356 644 410 Si
691 375 816 410 vero
863 361 1021 411 nocte
1070 356 1164 411 Sol
1217 358 1275 411 in
1318 358 1608 429 horoscopi
1658 359 1815 444 signo
1838 363 1932 415 11x

144 433 310 486 fuerit
375 433 651 498 inventuS,
720 429 1015 485 sordidiore
1084 450 1279 502 genere
1338 432 1470 485 facit
1530 435 1814 502 procreari

101 527 120 559 5
147 506 350 570 Quodsi
393 523 490 575 per
525 509 740 558 noctem
781 503 963 558 Solem
1008 504 1065 558 in
1102 506 1404 575 horoscopo
1455 507 1814 560 constitutum

145 579 407 633 Saturnus
446 582 540 632 aut
570 577 717 631 Mars
748 597 845 648 per
877 579 1200 648 quadratum
1230 580 1564 649 respexerint
1595 583 1690 633 aut
1718 598 1814 649 per

142 655 464 707 diametrum
495 652 655 722 (vel)
687 653 848 705 simul
889 671 1010 706 cum
1049 672 1110 707 eo
1150 653 1366 723 fuerint,
1405 658 1461 707 et
1491 655 1582 708 ille
1615 673 1671 708 se
1703 654 1814 708 illis

141 745 474 797 quacumque
527 725 825 780 radiatione
881 727 1239 797 coniunxerit,
1301 728 1532 782 maiores
1596 729 1811 798 quidem

138 801 333 854 fratres
362 801 598 870 perimit,
631 801 723 853 sed
756 804 810 853 et
841 800 1018 870 ipsius
1038 802 1178 854 vitae
1211 805 1372 871 atque
1403 821 1616 855 omnem
1646 803 1809 886 patri·

74 895 116 927 10
139 874 307 928 monii
340 875 718 945 substantiam,
750 875 842 927 sed
875 878 929 928 et
962 878 1113 929 actus
1147 894 1332 929 omnes
1356 876 1501 946 †pro
1535 877 1808 930 eversione

136 968 198 1003 ac
237 948 481 1018 dissipat.
546 947 650 1002 Sed
689 967 900 1018 semper
938 948 995 1001 in
1035 949 1285 1003 omnibus
1318 949 1625 1003 cardinibus
1666 951 1810 1022 geni-

135 1026 289 1076 turae
316 1021 408 1076 Sol
441 1022 768 1076 constitutus
801 1023 1030 1076 maiores
1062 1023 1259 1076 fratres
1290 1042 1475 1077 omnes
1501 1024 1808 1078 debilitabit

135 1100 249 1164 aut,
305 1097 397 1166 qui
452 1097 530 1150 sic
574 1096 850 1167 habuerit,
902 1097 1045 1150 inter
1091 1116 1275 1151 omnes
1326 1097 1522 1151 fratres
1571 1098 1808 1167 primum

133 1170 265 1224 facit
301 1171 465 1224 nasci.

67 1260 108 1294 15
278 1244 344 1297 In
397 1244 628 1298 secundo
683 1244 801 1298 loco
851 1242 944 1298 Sol
1000 1245 1068 1298 ab
1118 1245 1422 1315 horoscopo
1472 1246 1802 1300 constitutus
1824 1250 1892 1302 12

132 1318 295 1372 faciet
355 1336 452 1387 per
506 1317 826 1387 semetipsos
885 1319 1213 1388 patrimonia
1267 1323 1583 1388 quaerentes
1638 1323 1692 1373 et
1745 1321 1802 1373 in

132 1392 280 1445 omni
332 1392 447 1445 vita
502 1410 689 1445 suaves
745 1410 806 1445 ac
859 1392 1044 1446 bonos.
1125 1391 1228 1446 Sed
1281 1393 1395 1446 hosv
1433 1393 1648 1446 eosdem
1693 1394 1803 1447 lan-

130 1466 322 1536 guidos
368 1465 501 1519 facit
547 1469 601 1519 et
645 1484 841 1534 parvae
886 1466 1029 1519 vitae
1077 1470 1131 1519 et
1177 1466 1341 1520 variis
1380 1467 1545 1520 faciet
1592 1471 1802 1520 contra-

128 1539 416 1593 rietatibus
463 1538 735 1609 impediri,
788 1543 844 1592 et
890 1539 981 1609 qui
1028 1558 1238 1609 semper
1284 1539 1394 1594 sint
1442 1540 1502 1593 in
1546 1541 1659 1594 vita
1705 1559 1802 1594 sua

62 1629 104 1660 20
127 1613 276 1667 varia
320 1614 543 1666 terroris
589 1612 948 1682 trepidatione
998 1614 1234 1667 solliciti.
1311 1613 1370 1668 Si
1417 1633 1544 1668 vero
1594 1615 1652 1667 in
1696 1615 1800 1669 hoc
1821 1618 1888 1670 13

124 1687 243 1741 loco
277 1686 573 1741 constituto
600 1685 724 1740 Sole
749 1706 871 1740 eum
895 1687 1079 1740 Venus
1105 1706 1167 1741 ac
1189 1688 1434 1758 Iuppiter
1464 1689 1607 1742 bona
1629 1689 1801 1742 radia-

124 1760 271 1814 tione
314 1761 649 1830 respexerint
693 1762 778 1815 vel
821 1762 884 1814 de
926 1762 1146 1832 trigono
1191 1763 1276 1815 vel
1316 1763 1379 1815 de
1428 1780 1669 1833 exagono
1714 1763 1800 1816 vel

125 1834 172 1888 si
211 1854 332 1889 cum
369 1835 488 1904 ipso
528 1834 730 1888 fuerint
768 1835 1035 1900 collocati,
1073 1837 1340 1889 bonorum
1379 1837 1582 1906 aliquid
1613 1855 1799 1906 repen-

123 1909 298 1961 tinum
329 1908 481 1961 dabit
512 1911 567 1962 et
591 1909 869 1962 felicitatis
902 1909 1233 1963 incrementa
1262 1929 1372 1963 non
1405 1910 1633 1980 modica3
1671 1929 1798 1963 nam

58 1997 100 2031 25
123 1982 359 2036 iacentes
390 1982 646 2035 homines
669 1986 724 2036 et
755 1983 995 2036 abiectos
1028 1984 1095 2036 ad
1120 1984 1305 2052 <rem>
1327 1983 1601 2052 publicam
1632 1983 1797 2037 faciet

123 2056 454 2110 incremento
479 2056 760 2126 dignitatis
790 2056 993 2110 adduci.
1058 2055 1160 2110 Sed
1185 2057 1288 2110 hoc
1313 2057 1362 2110 ei
1386 2075 1583 2127 magno
1607 2057 1795 2110 labore

123 2133 178 2183 et
209 2148 331 2183 cum
363 2130 596 2183 maximo
628 2130 1014 2199 impedimento
1047 2130 1353 2184 decernitur
1391 2134 1446 2183 et
1479 2149 1601 2184 cum
1631 2131 1796 2200 patri-

123 2204 291 2256 monii
329 2202 539 2257 iactura
576 2204 897 2256 voluntaria.
958 2203 1112 2257 Unde
1145 2204 1467 2274 quicumque
1501 2204 1579 2258 sic
1612 2203 1794 2258 Solem

120 2276 371 2330 habuerit
418 2275 796 2346 constitutum,
841 2277 979 2330 nihil
1024 2278 1265 2347 adpetat,
1312 2278 1377 2331 ad
1422 2278 1629 2331 nullam
1677 2297 1792 2332 rem

268 2412 290 2451 1
323 2407 549 2451 maximas
573 2434 630 2440 —
655 2412 680 2450 2
712 2409 820 2464 post
850 2421 931 2451 om.
964 2411 1008 2450 Μ
1158 2412 1183 2450 2
1214 2407 1341 2452 furta
1370 2409 1608 2476 Ne'methy]
1647 2409 1790 2453 fortia

118 2466 342 2523 (facinora
365 2466 434 2523 A')
525 2472 551 2510 3
582 2466 836 2522 horoscopo
867 2471 947 2508 PB.
1037 2470 1062 2509 5
1096 2466 1166 2510 sol
1187 2493 1246 2499 —
1269 2467 1562 2524 constitutus,
1594 2482 1706 2512 corr.
1734 2467 1784 2510 A'

120 2529 143 2568 7
175 2525 247 2569 vel
278 2526 384 2570 add.
415 2541 445 2568 v
473 2528 478 2583 Ι
505 2525 605 2583 ille]
636 2524 708 2568 illi
737 2529 826 2567 HV
854 2525 860 2583 Ι
887 2530 969 2569 aut
1005 2524 1100 2568 11118
1135 2527 1393 2571 mendosum
1429 2532 1511 2572 aut
1550 2529 1598 2570 et
1626 2525 1707 2570 ille
1739 2539 1787 2569 se

118 2587 143 2627 9
173 2584 316 2628 frates
347 2589 392 2627 M
448 2586 454 2643 Ι
509 2586 613 2641 fort.
646 2583 770 2627 vitae
803 2583 1008 2643 <nocet>
1144 2588 1198 2629 10
1229 2586 1348 2631 velut
1376 2599 1523 2643 prona
1553 2584 1787 2628 eversione

117 2641 261 2700 dissip
265 2645 315 2687 at
344 2644 400 2698 cf.
419 2646 590 2698 153,14
619 2642 799 2700 proruit
822 2643 1075 2687 Mommsen
1163 2648 1215 2688 11
1249 2644 1299 2688 in
1323 2644 1535 2688 omnibus
1559 2645 1616 2702 V]
1639 2643 1787 2686 nomi-

115 2659 261 2746 nibus
344 2707 397 2746 12
430 2678 666 2747 deb’itabit
693 2706 739 2745 H
852 2706 904 2744 19
936 2700 1140 2759 imperiti
1169 2707 1214 2745 Π
1315 2709 1369 2747 21
1404 2702 1683 2747 constitutus
1716 2701 1786 2745 sol

116 2760 229 2816 (sole
251 2763 312 2818 u)
334 2760 481 2804 MVA'
574 2766 629 2804 23
660 2761 881 2804 honorem
913 2759 1115 2816 aliquem
1138 2762 1335 2808 Mueller
1425 2767 1480 2805 24
1504 2760 1700 2805 felitatis
1724 2761 1785 2803 3¹

116 2822 171 2861 25
203 2818 398 2864 iacentis
428 2825 517 2863 MV
546 2824 551 2876 Ι
579 2821 682 2864 add.
716 2837 743 2863 κ
770 2822 777 2875 Ι
804 2818 945 2863 faciet
976 2819 1108 2878 (facit
1137 2822 1191 2877 A)
1222 2821 1294 2880 A']
1325 2820 1493 2865 faciem
1612 2824 1668 2863 26
1701 2819 1782 2863 ab-

116 2876 223 2920 duci
251 2882 288 2919 V
408 2884 462 2923 27
493 2878 778 2923 matrimonii
810 2879 985 2935 actura,
1015 2892 1126 2924 corr.
1158 2895 1188 2922 v

1462 2953 1518 2996 98
