2014 3202
842 121 885 164 Π
907 125 979 178 20,
1003 135 1139 167 3—13.
1755 125 1823 177 67

149 241 375 311 hospitii
428 242 608 313 gratia
660 240 827 295 fueris
889 242 1165 312 ingressus
1227 246 1282 295 et
1335 243 1582 297 dominus
1636 245 1825 299 domus

147 316 396 369 felicibus
443 316 758 369 sublevatur
803 316 1131 386 augmentis,
1182 320 1235 370 et
1288 319 1350 368 tu
1393 318 1666 387 particeps
1712 319 1827 373 feli-

148 390 330 443 citatis
385 390 592 458 existis,
652 389 897 442 laetitiae
951 390 1093 442 enim
1148 391 1404 460 gaudium
1462 391 1691 461 hospitii
1742 394 1825 446 tui

147 463 499 517 felicitatibus
538 463 827 534 mutuari83
867 464 913 516 si
951 482 1078 517 vero
1117 464 1314 534 hospes
1354 468 1479 518 tuus
1520 466 1718 526 misero
1750 468 1825 520 sit

105 560 124 590 5
150 539 398 607 squalore
449 537 705 591 deformis
759 541 815 590 et
868 538 1088 591 deiectis
1143 539 1563 592 infortuniorum
1611 540 1822 594 casibus

146 611 480 680 implicatuS,
526 611 691 664 etiam
739 615 794 664 et
836 614 891 664 te
930 611 1255 681 participata
1294 613 1495 666 doloris
1544 616 1706 682 atque
1745 615 1822 667 in-

145 684 371 738 fortunii
409 688 683 738 tormenta
715 686 1021 739 conficiunt.
1092 684 1180 740 Sic
1212 690 1266 739 et
1297 687 1503 755 stellae,
1541 687 1822 758 signorum
1841 691 1930 744 10Κ

145 758 349 812 domini
381 778 503 812 cum
526 760 663 812 bene
686 759 890 812 fuerint
914 759 1181 828 collocati,
1210 803 1552 812 ..........
1582 762 1822 815 deiciunt

142 836 199 885 et
230 834 296 886 ad
331 836 506 886 status
541 834 625 886 sui
660 834 1024 887 conditionem
1047 834 1415 887 habitatorem
1446 838 1608 903 atque
1639 835 1820 905 hospi-

73 927 115 959 10
137 909 250 959 tem
311 907 499 960 domus
553 926 681 960 suae
744 905 915 977 [eum]
977 911 1208 976 aequata
1269 908 1545 961 societatis
1607 909 1817 962 ratione

138 986 468 1050 componunt
516 985 570 1034 et
616 982 683 1034 ad
722 980 807 1034 sui
843 981 1120 1035 licentiam
1164 982 1404 1035 formant
1448 981 1682 1052 hospitis
1720 1001 1818 1052 po-

137 1058 407 1108 testatem.
487 1054 694 1117 Quaere
734 1055 913 1121 etiam,
945 1057 992 1108 si
1032 1055 1222 1108 diurna
1262 1056 1511 1125 genitura
1549 1060 1646 1126 est,
1688 1075 1814 1126 qua·
1836 1059 1900 1112 11

136 1132 294 1182 tenus
335 1129 541 1199 stellae,
579 1147 714 1198 quae
756 1129 960 1182 diurnis
1001 1129 1265 1199 genituris
1306 1130 1565 1200 gaudent,
1602 1131 1815 1199 positae

137 1203 247 1255 sint
279 1206 334 1255 et
365 1206 630 1272 quatenus
668 1221 803 1272 quae
834 1204 1140 1272 nocturnis3
1178 1204 1225 1256 si
1257 1204 1401 1256 enim
1434 1204 1638 1273 stellae,
1678 1223 1815 1274 quae

0 1342 1 1347 ¹
70 1299 111 1329 15
136 1294 232 1346 per
271 1277 412 1329 diem
452 1277 705 1346 gaudent,
743 1278 800 1329 in
832 1276 1023 1330 diurna
1054 1279 1306 1347 genitura
1336 1277 1662 1347 principales
1693 1296 1814 1347 pos-

134 1350 367 1403 sederint
404 1350 554 1404 locos
600 1354 655 1403 et
700 1351 757 1403 in
800 1351 991 1420 primis
1032 1351 1340 1404 cardinibus
1386 1351 1590 1403 fuerint
1632 1352 1812 1405 inven-

131 1428 234 1490 tae,
274 1425 508 1476 maxima
538 1424 818 1477 felicitatis
849 1424 1180 1477 incrementa
1211 1426 1519 1477 decernunt.
1591 1423 1648 1478 Si
1680 1445 1807 1480 vero

131 1497 340 1565 stellae,
388 1516 519 1566 quas
558 1516 655 1567 per
691 1501 908 1550 noctem
948 1498 1181 1568 gaudere
1221 1498 1477 1568 diximuS,
1520 1498 1579 1550 in
1617 1499 1810 1552 diurna

129 1572 377 1642 genitura
414 1571 736 1641 principalia
774 1572 893 1624 loca
935 1571 1022 1625 vel
1057 1572 1264 1641 primos
1304 1572 1586 1642 geniturae
1624 1591 1806 1642 posse-

60 1666 104 1698 20
126 1645 304 1698 derint
343 1646 602 1715 cardines,
639 1646 852 1698 infinita
890 1645 1190 1698 infortunia
1229 1646 1561 1700 continuatis
1592 1647 1808 1700 calami-

124 1719 330 1772 tatibus
368 1719 627 1773 indicunt.
702 1719 823 1772 Hoc
869 1722 924 1772 et
968 1720 1026 1772 in
1070 1719 1350 1773 nocturnis
1397 1720 1663 1790 genituris
1712 1721 1803 1774 ob·
1822 1722 1891 1775 12

124 1811 336 1846 servare
368 1793 639 1861 debemuS,
679 1794 773 1846 sed
802 1793 1072 1847 inmutato
1105 1794 1290 1847 ordine
1321 1793 1637 1864 potestatis3
1668 1814 1798 1848 nam

123 1867 172 1920 si
207 1868 266 1919 in
295 1871 560 1921 nocturna
593 1868 843 1938 genitura
875 1868 1078 1935 stellae,
1119 1886 1251 1951 quas
1292 1868 1523 1921 diximus
1563 1869 1796 1937 gaudere

120 1959 217 2009 per
245 1945 475 2008 noctem,
506 1941 827 2010 principalia
856 1941 977 1994 loca
1007 1942 1093 1994 vel
1123 1942 1329 2011 primos
1361 1941 1642 2011 geniturae
1672 1961 1797 2010 pos·

54 2035 96 2067 25
122 2015 357 2067 sederint
395 2015 654 2084 cardineS,
693 2014 859 2068 simili
890 2015 1051 2068 modo
1083 2015 1318 2068 maxima
1356 2014 1634 2068 felicitatis
1667 2033 1797 2086 aug·
1860 2023 1867 2034 '

118 2092 303 2142 menta
333 2089 654 2142 decernunt.
696 2087 755 2143 Si
785 2106 912 2141 vero
944 2089 1002 2141 in
1030 2089 1311 2142 nocturnis
1345 2088 1625 2159 genituriS,
1659 2107 1792 2159 quas

118 2162 349 2215 diximus
382 2162 573 2215 diurna
604 2162 1011 2216 conversatione
1043 2162 1290 2232 gaudere,
1321 2162 1644 2231 principalia
1672 2164 1793 2217 loca

116 2236 203 2289 vel
223 2236 427 2305 primos
451 2237 730 2306 geniturae
762 2235 1101 2306 possederint
1125 2235 1381 2303 cardineS,
1411 2238 1592 2288 totum
1622 2236 1791 2291 felici-

117 2310 247 2362 tatis
288 2313 538 2363 ornatum
577 2310 789 2364 caducis
829 2308 1034 2362 faciunt
1066 2310 1406 2363 miseriarum
1438 2309 1651 2363 casibus
1691 2311 1788 2363 im·

51 2403 94 2437 30
115 2384 321 2452 plicari.
396 2383 546 2437 Haec
585 2385 766 2437 omnia
813 2384 859 2436 si
899 2383 1148 2453 diligenti
1193 2383 1396 2436 fuerint
1433 2383 1645 2436 ratione
1685 2385 1789 2437 col·
1813 2386 1879 2438 13

263 2504 285 2542 1
313 2498 468 2556 gratia
490 2498 737 2555 hospitiiv
765 2500 770 2555 1
800 2499 961 2542 domus
986 2511 1068 2542 om.
1089 2503 1123 2547 Q.
1199 2504 1224 2542 2
1249 2499 1519 2543 subleuetur
1536 2502 1570 2546 Q
1623 2503 1649 2542 3
1666 2499 1791 2558 (ex)

113 2535 340 2615 hospitiso
334 2575 362 2602 κ
450 2564 479 2602 4
503 2560 607 2602 tuos
631 2563 689 2600 1²⁶
778 2562 803 2601 5
837 2555 1020 2601 cosibus
1043 2562 1077 2600 P
1160 2562 1186 2601 6
1218 2557 1362 2603 etiam
1392 2560 1458 2617 et]
1490 2559 1547 2613 cf.
1564 2559 1657 2601 III
1676 2562 1720 2611 9,
1743 2570 1790 2612 5,·

113 2617 328 2674 Pelaqon
346 2618 485 2662 indeoe
501 2631 549 2673 p.
566 2620 683 2671 213;
703 2616 879 2673 Optat.,·
903 2617 1040 2660 Paul.
1060 2616 1115 2660 F.
1127 2631 1176 2674 p.
1193 2620 1237 2662 2.
1262 2628 1298 2672 8,
1320 2620 1394 2661 21.
1422 2629 1454 2673 1,
1480 2621 1555 2662 86.
1580 2627 1616 2671 3,
1640 2621 1740 2660 151.
1767 2627 1789 2657 6

114 2675 183 2720 Μ.
212 2677 448 2732 (Mueller)
478 2679 484 2733 Ι
517 2652 757 2719 infortimu
789 2680 822 2717 P
942 2679 968 2718 8
1001 2675 1082 2720 lac.
1113 2677 1275 2721 statuit
1304 2676 1411 2720 Sittl
1451 2677 1456 2733 Ι
1499 2674 1720 2719 deficiunt
1748 2679 1787 2717 V

113 2738 140 2777 9
172 2736 297 2778 statu
320 2740 354 2777 P
438 2740 492 2778 10
523 2736 606 2779 del.
631 2750 662 2777 v
746 2738 800 2777 14
831 2733 1068 2778 nocturnis
1089 2736 1137 2801 σ]
1161 2738 1331 2779 nocent
1355 2734 1531 2778 diurnis
1623 2739 1677 2778 15
1703 2749 1786 2791 po-

112 2793 316 2837 sederint
343 2798 382 2836 R
411 2794 716 2850 possederunt
738 2797 776 2835 V
868 2797 921 2836 19
953 2792 1275 2850 principacilia
1297 2799 1336 2836 B.
1363 2796 1370 2850 Ι
1395 2792 1677 2850 possiderint
1705 2797 1786 2835 PB.

114 2855 166 2895 21
197 2851 424 2896 inducunt
453 2857 526 2895 n
587 2857 642 2896 22
674 2853 856 2895 mutato
894 2856 939 2894 M
1029 2857 1084 2896 24
1114 2853 1416 2910 possederent
1438 2857 1518 2894 PR
1548 2853 1681 2910 (idem
1709 2853 1784 2908 28)

113 2913 168 2953 28
197 2911 486 2967 possiderent
518 2916 553 2960 Q
642 2916 697 2955 29
730 2909 995 2954 ordinatum
1025 2916 1064 2953 B.
1153 2917 1209 2955 30
1242 2911 1300 2970 si]
1333 2910 1408 2954 sili
1438 2916 1477 2953 R.

1458 2984 1515 3028 ὃ*
