2014 3202
783 150 847 194 III
872 153 911 206 1,
936 163 1073 195 9—16.
1745 149 1816 201 95

137 272 321 327 omnia
357 271 557 325 artium
597 290 660 325 ac
690 271 1110 324 fabricationum
1145 274 1462 323 ornamenta
1492 270 1811 339 conciperet.

137 347 273 400 Post
326 346 558 400 Martem
611 345 920 398 dominandi
967 343 1151 397 Venus
1205 348 1420 413 tempus
1475 344 1704 412 accepit3
1757 348 1812 397 et
1833 347 1926 401 13*

138 422 266 491 quia
310 439 406 490 per
452 420 648 490 gradus
700 437 942 472 crescens
988 419 1270 471 hominum
1315 418 1601 487 disciplina
1647 418 1812 471 etiam

137 494 452 564 prudentiae
485 496 800 546 ornamenta
827 492 1086 560 concepit,
1116 492 1220 545 hoc
1244 496 1474 561 tempuS,
1504 510 1609 561 quo
1635 511 1811 545 mores

95 592 115 624 5
139 568 420 621 hominum
460 585 635 620 ser-mo
676 567 867 619 doctus
907 566 1142 619 excoluit
1184 570 1238 619 et
1277 584 1383 635 quo
1421 565 1668 618 homines
1708 566 1812 619 sin-

140 642 388 712 gularum
427 640 832 710 disciplinarum
871 641 1108 692 naturali
1147 640 1375 693 scientia
1412 639 1634 692 formati
1670 644 1810 708 sunt,

137 715 364 768 Veneris
403 733 520 767 esse
558 714 869 782 voluerunt,
910 718 973 766 ut
1009 714 1141 766 laeti
1181 733 1242 767 ac
1282 714 1534 766 salutaris
1571 714 1808 766 numinis

135 789 418 842 maiestate
457 789 701 858 provecti
740 791 981 841 errantes
1028 791 1180 841 actus
1226 787 1592 857 providentiae
1638 788 1811 858 magi-

136 863 301 915 sterio
341 863 721 933 gubernarent.
798 861 1068 915 Ultimum
1114 879 1242 914 vero
1285 865 1499 930 tempus
1540 861 1807 914 Mercurio
1827 864 1897 918 14

69 959 113 991 10
134 937 366 989 dandum
406 955 522 989 esse
560 940 905 1006 putaverunt,
944 937 1030 989 cui
1070 954 1126 989 se
1163 935 1459 988 novissimo
1497 934 1651 987 Luna
1689 953 1809 989 con-

133 1010 325 1080 iungit.
405 1010 546 1072 Quid
597 1011 700 1063 hac
752 1013 936 1079 potest
989 1010 1217 1062 inveniri
1279 1009 1632 1079 dispositione
1687 1010 1808 1062 sub-

132 1084 321 1137 tilius?
396 1083 653 1154 Purgatis
702 1084 1006 1154 agrestibus
1058 1084 1274 1153 studiis,
1322 1083 1551 1152 repertis
1600 1083 1806 1136 artibus

133 1158 539 1227 disciplinisque
587 1157 903 1227 compositis
957 1176 1052 1226 per
1085 1158 1339 1213 ,diversos
1386 1161 1538 1210 actus
1585 1157 1807 1210 humani

134 1249 190 1285 se
230 1233 443 1301 generis
484 1232 695 1285 exacuit
733 1232 985 1294 intentio,
1033 1234 1087 1283 et
1127 1231 1252 1300 quia
1291 1231 1490 1284 mobile
1530 1231 1807 1300 ingenium

67 1328 108 1360 15
132 1306 190 1358 in
227 1306 443 1358 homine
482 1325 650 1358 unum
687 1304 830 1358 vitae
871 1324 1086 1358 cursum
1126 1324 1335 1358 servare
1366 1324 1475 1357 non
1506 1310 1704 1374 potest,
1742 1324 1806 1357 ex

0 1381 1 1386 ’
130 1379 294 1432 variis
341 1379 609 1432 institutis
654 1379 1001 1448 moribusque
1058 1379 1294 1432 confusis
1342 1380 1580 1431 malitiae
1638 1379 1806 1431 crevit

129 1453 450 1522 inprobitaS,
490 1457 544 1506 et
579 1453 767 1521 †vitae
808 1453 1069 1506 scelerum
1108 1452 1316 1521 flagitia
1355 1471 1486 1522 gens
1524 1452 1806 1505 hominum

129 1526 232 1580 hoc
279 1530 523 1595 tempore
577 1526 895 1579 facinorosis
948 1526 1438 1579 machinationibus
1493 1533 1548 1579 et
1601 1525 1807 1579 invenit

130 1604 186 1652 et
223 1600 461 1653 tradidit.
537 1599 656 1653 Hac
694 1618 759 1652 ex
798 1619 959 1653 causa
997 1600 1250 1652 ultimum
1288 1604 1502 1669 tempus
1538 1600 1804 1653 Mercurio

65 1695 108 1727 20
131 1692 246 1727 esse
286 1674 605 1727 tradendum
645 1678 992 1743 putaverunt,
1039 1678 1101 1726 ut
1141 1675 1207 1727 ad
1245 1674 1608 1727 imitationem
1644 1674 1804 1727 istius

130 1747 320 1800 sideris
369 1748 580 1800 intenta
626 1766 758 1818 gens
804 1748 1086 1801 hominum
1132 1749 1348 1817 plenam
1398 1748 1638 1801 malitiae
1686 1766 1806 1801 con-

130 1821 333 1890 ciperet
369 1824 713 1892 potestatem.
782 1822 866 1874 Ex
897 1822 982 1874 his
1021 1820 1231 1891 itaque‚'
1260 1841 1395 1891 quae
1436 1840 1533 1891 per
1563 1821 1804 1875 ordinem
1824 1824 1891 1878 15

128 1898 285 1965 gesta
324 1899 464 1965 sunt,
504 1899 559 1948 et
596 1896 698 1963 his,
739 1897 1058 1966 quicumque
1089 1896 1370 1948 hominum
1403 1896 1801 1949 succedentium

127 1972 431 2037 temporum
456 1969 811 2022 mutationem
835 1970 1093 2039 fecerunt,
1126 1969 1374 2040 genitura
1404 1969 1590 2023 mundi
1622 1970 1802 2022 divina

60 2063 102 2096 25
127 2042 463 2095 coniecturae
513 2043 959 2112 interpretatione
1014 2045 1316 2112 composita
1372 2047 1476 2110 est3
1533 2047 1589 2095 et
1641 2044 1798 2096 nobis

127 2116 387 2169 hactenus
427 2119 482 2169 et
521 2117 678 2187 origo·
722 2120 776 2170 et
815 2135 1001 2170 cursus
1040 2118 1262 2169 humani
1302 2117 1514 2186 generis
1553 2117 1801 2187 traditur,

129 2189 230 2259 [et]
269 2193 331 2242 ut
367 2190 470 2243 hoc
511 2195 678 2259 esset,
719 2192 859 2260 quod
900 2190 957 2243 in
996 2190 1262 2260 genituris
1299 2191 1581 2244 hominum
1619 2209 1801 2260 seque-

126 2275 309 2316 remur
356 2265 670 2333 exemplum.
746 2264 829 2317 Ne
878 2264 1005 2334 quid
1051 2267 1231 2316 autem
1278 2283 1308 2316 a
1353 2265 1511 2318 nobis
1566 2269 1800 2334 praeter-

33 2385 36 2388 .
126 2338 352 2390 missum
401 2356 516 2390 esse
563 2338 831 2407 videatur,
879 2338 1060 2391 omnia
1106 2338 1419 2407 explicanda
1466 2342 1615 2407 sunt,
1662 2348 1798 2407 quae

62 2412 359 2480 eoprobant
410 2411 684 2464 hominem
739 2413 805 2465 ad
851 2412 1213 2465 imitationem
1260 2413 1444 2464 mundi
1496 2412 1799 2465 similitudi-

125 2502 353 2553 nemque
392 2485 702 2538 formatum.
766 2485 1185 2555 Apocatastasin
1221 2505 1318 2555 per
1347 2486 1572 2555 pyrosin
1610 2490 1665 2539 et
1702 2504 1798 2555 per
1818 2489 1885 2541 16

272 2649 294 2687 1
329 2644 474 2688 artius
506 2645 595 2689 hac
625 2645 945 2700 fabricatione,
977 2658 1089 2689 corr.
1123 2661 1150 2688 a
1255 2651 1280 2689 2
1314 2648 1362 2690 et
1392 2647 1439 2705 κ]
1472 2648 1526 2689 ut
1635 2651 1661 2689 8
1693 2659 1798 2702 pro-

122 2701 236 2746 tecti
267 2719 294 2746 a
402 2709 456 2747 14
486 2704 658 2759 nobile,
690 2719 800 2749 corr.
834 2722 860 2748 κ
982 2709 1037 2747 15
1069 2718 1253 2748 cursum
1283 2705 1412 2749 uitae
1443 2710 1487 2747 Μ
1594 2710 1647 2747 17
1679 2706 1798 2749 velut

125 2764 291 2806 cuncta
321 2768 402 2807 aut
431 2762 600 2806 vitiosa
631 2763 832 2821 (infinita
864 2763 1077 2820 Mueller)
1104 2764 1110 2823 Ι
1136 2763 1374 2807 hominum
1406 2779 1486 2808 one.
1513 2768 1550 2806 V
1641 2768 1693 2806 21
1727 2763 1797 2806 in-

123 2822 279 2877 uenta,
310 2835 422 2866 corr.
447 2836 510 2866 κσ
537 2823 542 2880 Ι
569 2822 722 2878 plena,
754 2837 864 2867 corr.
891 2836 954 2866 κσ
1043 2828 1098 2866 23
1130 2823 1409 2879 quicumque
1433 2821 1670 2866 hominum
1694 2836 1796 2866 con-

123 2879 398 2936 iwnqendum
428 2883 470 2926 si
498 2895 639 2926 sanus
662 2888 725 2926 est
748 2882 868 2926 locus
960 2886 1014 2925 25
1047 2884 1095 2925 et
1116 2881 1251 2926 nobis
1283 2883 1328 2940 σ]
1360 2884 1413 2926 ut
1434 2880 1568 2925 nobis
1660 2886 1714 2924 27
1748 2883 1797 2924 et

124 2937 206 2980 dez.
239 2951 264 2980 σ
382 2943 435 2983 31
469 2939 651 2995 cyrosin
