2014 3202
180 142 251 195 98
314 178 318 183 ·
899 139 1127 184 FIRMIoI

133 262 366 317 3Lunae
413 261 560 314 Mars
607 259 786 313 radios
834 261 1125 331 exceperit,
1177 261 1526 314 biothanatos
1572 261 1719 316 facit.
1797 261 1854 316 Si

183 354 309 389 vero
357 353 453 404 per
490 337 706 387 noctem
748 331 1008 387 Saturnus
1055 335 1112 387 in
1157 338 1310 403 parte
1356 335 1646 404 horoscopi
1691 335 1854 389 fuerit
1923 349 1926 353 ’

185 410 533 476 constitutus,
573 408 635 477 is,
675 407 766 477 qui
807 408 883 461 sic
923 427 1044 461 eum
1082 408 1348 477 habuerit,
1387 409 1635 461 maximis
1668 409 1853 480 lango-

182 483 333 536 ribus
371 482 663 551 impeditur
710 484 765 534 et
803 499 1000 552 magno
1049 500 1259 551 semper
1300 482 1483 535 labore
1523 483 1854 551 deprimitur.

185 556 516 620 Quibusdam
556 572 681 608 vero
722 555 864 609 circa
903 574 1099 625 aquam
1138 554 1288 608 dabit
1327 559 1502 626 actw,
1542 557 1619 610 sic
1657 560 1854 627 tamen,
1901 579 1924 612 5

183 635 243 684 ut
283 649 492 699 semper
530 627 813 682 laboriosis
854 628 1350 683 conversationibus
1390 633 1706 683 atterantur.

130 706 168 757 4
332 704 397 756 In
430 703 661 756 secundo
693 702 812 756 loco
847 702 1112 756 Saturnus
1145 704 1212 756 ab
1243 703 1543 772 horoscopo
1585 723 1707 757 cum
1737 723 1857 774 pos-

185 779 383 831 sederit
421 777 616 847 locum,
653 776 786 829 facit
825 777 1189 847 aegritudines
1231 795 1419 846 graves
1460 781 1514 830 et
1553 777 1855 831 eversiones

185 853 462 905 maximas.
538 850 738 903 Uxoris
786 850 948 903 etiam
997 854 1050 904 et
1096 851 1332 903 filiorum
1377 852 1732 921 interemptor
1774 855 1857 905 est

183 930 237 979 et
285 925 640 978 maximarum
690 925 973 977 turbarum
1024 928 1079 977 et
1128 924 1491 993 frequentium
1541 926 1856 994 concitator,
1881 948 1924 979 10

184 1000 275 1053 sed
324 1002 378 1052 et
421 1002 704 1067 paternam
753 1017 814 1051 ac
861 1001 1161 1051 maternam
1209 999 1570 1051 substantiam
1617 999 1855 1069 dissipat.

182 1074 369 1143 Ipsum
408 1091 557 1139 vem,
606 1073 696 1142 qui
734 1075 893 1124 natus
932 1071 1118 1142 fuerit,
1164 1072 1457 1124 tardiorem
1503 1073 1559 1124 in
1607 1074 1855 1126 omnibus

183 1147 393 1200 actibus
448 1146 603 1216 facit,
658 1145 978 1215 quibusdam
1031 1149 1319 1215 perpetuas
1372 1145 1562 1199 indicit
1616 1147 1856 1216 corporis

133 1221 521 1275 5valitudineS.
598 1218 655 1273 Si
695 1238 822 1272 vero
871 1220 948 1272 sic
995 1219 1289 1272 constituto
1339 1218 1568 1272 Satur‘no
1608 1219 1754 1273 Mars
1800 1220 1857 1272 in

187 1295 430 1364 quolibet
460 1294 739 1364 geniturae
773 1294 987 1347 cardine
1019 1293 1184 1346 fuerit
1216 1296 1270 1345 et
1297 1291 1477 1346 Solem
1507 1312 1604 1362 per
1637 1294 1858 1363 quadra·
1883 1316 1927 1348 15

184 1373 303 1422 tum
341 1368 426 1422 vel
457 1386 554 1436 per
585 1368 908 1420 diametrum
938 1366 1133 1420 viderit
1165 1370 1259 1419 aut
1290 1366 1501 1420 Lunam
1533 1371 1859 1420 crescentem

185 1442 351 1496 simili
389 1442 597 1494 ratione
636 1441 955 1510 respexerit,
1002 1441 1165 1494 faciet
1203 1439 1430 1494 miseros
1470 1459 1732 1510 pauperes
1773 1442 1859 1494 de-

186 1517 411 1569 stitutos
452 1517 507 1567 et
546 1514 637 1583 qui
678 1533 873 1583 corpus
906 1533 1063 1567 suum
1097 1515 1381 1567 cotidianis
1415 1515 1666 1583 operibus
1700 1533 1860 1585 oppo-

138 1591 339 1644 6nant.
416 1587 472 1640 Si
510 1606 638 1640 vero
684 1606 781 1656 per
819 1588 960 1640 diem
1005 1587 1061 1640 in
1107 1588 1337 1640 secundo
1370 1588 1541 1657 ‘signo
1589 1589 1655 1641 ab
1698 1589 1860 1641 horo-

186 1681 350 1732 scopo
389 1661 568 1732 fuerit,
606 1662 758 1713 tarde
799 1664 853 1713 et
893 1661 1160 1731 gradatim
1200 1665 1490 1730 augmenta
1526 1660 1855 1730 patrimonio
1883 1683 1930 1716 ρο

187 1737 360 1804 dabit,
411 1736 560 1804 ipsos
607 1753 734 1788 vero
783 1734 1073 1788 absconsos
1123 1734 1353 1787 latentes
1401 1738 1456 1787 et
1503 1735 1682 1787 animo
1727 1753 1858 1804 pau-

127 1829 129 1831 ·
184 1829 339 1880 peres
388 1808 564 1862 reddit
618 1812 672 1860 et
717 1808 914 1861 habere
965 1827 1021 1860 se
1068 1808 1272 1877 aliquid
1327 1826 1538 1876 semper
1581 1813 1856 1879 negantes.

188 1883 521 1946 Quibusdam
557 1900 684 1935 vero
725 1901 788 1934 ex
829 1883 1091 1951 aquaticis
1133 1881 1342 1935 actibus
1389 1883 1472 1935 vel
1520 1901 1584 1935 ex
1621 1882 1857 1935 humidis

184 1957 420 2027 negotiis
458 1957 618 2010 vitae·
643 1955 882 2008 subsidia
919 1956 1166 2026 largitur.

142 2031 172 2083 7
339 2030 404 2083 In
434 2030 597 2083 tertio
631 2030 786 2100 signo
814 2029 1077 2082 Saturnus
1111 2030 1177 2082 ab
1202 2028 1502 2098 horoscopo
1535 2030 1860 2083 constitutus
1885 2051 1931 2084 25

186 2105 319 2159 facit
357 2105 542 2174 pigros
583 2105 767 2156 tardos
808 2107 862 2156 et
900 2104 1106 2156 nullam
1144 2103 1504 2155 substantiam
1542 2104 1858 2172 patrimonii

187 2179 538 2248 requirentes
617 2177 675 2230 Si
719 2195 846 2230 vero
896 2196 1017 2231 cum
1042 2176 1321 2229 >Mercurio
1363 2195 1424 2229 ac
1462 2176 1615 2229 Luna
1661 2177 1717 2229 in
1754 2177 1858 2230 hoc

187 2253 306 2305 loco
346 2251 531 2319 fuerit,
578 2251 743 2304 faciet
783 2270 905 2305 cum
945 2249 1181 2304 stultitia
1222 2250 1547 2319 malitiosos,
1595 2251 1858 2320 sacrilega

190 2329 379 2379 contra
418 2325 756 2378 divinitatem
794 2325 959 2378 verba
996 2324 1279 2388 iactanteS,
1326 2325 1608 2392 perdentes
1649 2342 1859 2392 semper

186 2398 573 2468 patrimonium
613 2416 792 2466 suum,
834 2400 1003 2468 fureS‚
1051 2399 1143 2451 sed
1183 2415 1316 2466 quos
1355 2397 1412 2449 in
1449 2398 1595 2450 furto
1633 2415 1857 2466 prosper
1881 2419 1929 2451 30

186 2490 481 2541 numquam
528 2476 785 2540 sequatur
832 2474 1066 2525 eventus,
1146 2469 1203 2523 Si
1241 2489 1366 2523 vero
1413 2470 1498 2523 his
1546 2470 1624 2522 ita
1661 2470 1855 2538 positis

189 2563 522 2616 quacumque
571 2563 626 2597 se
665 2544 812 2597 Mars
860 2546 1069 2599 ratione
1115 2543 1471 2613 coniunxerit,
1518 2547 1853 2597 accusatores

337 2696 362 2733 3
395 2703 499 2733 eum
531 2688 595 2732 sic
617 2693 662 2731 M
690 2690 694 2745 Ι
722 2688 1024 2745 languoribus
1047 2695 1080 2732 P
1165 2693 1188 2732 7
1222 2686 1580 2744 compossederit
1607 2689 1856 2743 (compose-

188 2751 238 2806 Ρ)
271 2754 351 2791 PB
398 2754 592 2804 eoepectes
638 2747 920 2802 Secundum,
939 2749 1162 2792 Saturnus
1212 2749 1217 2804 Ι
1268 2761 1370 2790 cum
1410 2746 1526 2804 <per
1569 2747 1786 2804 noctem>
1832 2760 1858 2788 6

193 2813 218 2850 9
250 2807 625 2864 interemptorem
657 2808 704 2850 et
726 2821 785 2850 m.
811 2811 854 2848 M
946 2813 999 2850 12
1033 2807 1113 2863 qui
1135 2807 1293 2863 natus]
1325 2804 1544 2860 quatinus
1567 2809 1599 2846 P
1692 2809 1745 2847 16
1775 2818 1859 2860 per

189 2879 271 2910 om.
304 2871 341 2908 V
398 2867 403 2924 Ι
461 2865 664 2909 diatrum
701 2865 802 2907 ΡΒ1
951 2871 1005 2909 20
1044 2866 1293 2923 gradatum
1330 2868 1407 2906 PR.
1465 2866 1469 2922 Ι
1525 2862 1792 2919 patrimonii
1827 2879 1860 2908 κ

190 2928 244 2968 21
279 2924 478 2968 latentes
505 2923 657 2968 animo
691 2926 737 2967 et
768 2941 794 2966 κ
887 2929 940 2967 23
974 2924 1142 2967 umidis
1167 2928 1245 2966 PR
1335 2928 1388 2965 32
1422 2937 1573 2978 nempe
1596 2922 1857 2966 radiatione
