2014 3202
187 106 263 159 50
913 105 1140 151 FIRMICI

193 226 531 280 calamitates
565 229 619 278 et
649 226 885 278 maxima
918 226 1052 280 facit
1081 226 1379 279 infortunia
1418 226 1690 279 concitari.
1762 225 1866 280 Sed

189 301 312 352 ideo
355 299 538 352 Venus
579 297 840 352 crescenti
876 298 1061 352 Lunae
1102 300 1370 353 contraria
1408 303 1513 367 est,
1553 299 1679 368 quia
1715 303 1867 352 natu·
1921 362 1923 366 v

193 374 294 426 rali
343 373 575 442 quodam
613 373 844 425 invidiae
885 373 991 426 sibi
1030 374 1260 426 stridore
1299 373 1638 426 dissentiunt.

139 448 176 499 4
339 446 488 499 Haec
533 465 632 499 nos
686 447 743 498 in
792 446 895 499 hoc
944 446 1307 500 institutionis
1361 446 1500 499 libro
1556 447 1864 500 summatim

193 520 391 573 dixisse
423 519 680 587 sufficiat.
754 517 948 572 Omnia
986 521 1130 573 enim
1166 521 1478 590 plenissime
1518 524 1572 572 et
1610 521 1674 573 de
1712 519 1866 573 Luna
1912 542 1933 576 ⁵

193 599 248 647 et
302 595 364 647 de
412 594 604 647 ceteris
650 593 823 646 stellis
878 594 935 646 in
981 595 1171 647 ceteris
1223 595 1377 647 libris
1432 594 1736 663 specialiter
1783 613 1866 646 ex-

190 667 529 738 plicabimus,

199 827 342 882 VHI.
396 827 493 881 DE
537 826 831 882 STELLIS
873 827 1182 892 QUANDO
1227 827 1392 882 SINT
1429 828 1866 883 MATUTINAE

496 917 642 971 VEL
684 915 988 980 QUANDO
1032 916 1567 971 VESPERTINAE.
1864 944 1869 946 -

145 1038 173 1090 1
343 1035 540 1088 Stellae
602 1036 834 1105 quinque
895 1036 1036 1088 idest
1099 1035 1362 1088 Saturnus
1422 1034 1669 1104 Iuppiter
1720 1034 1867 1087 Mars
1893 1059 1936 1090 ιο

197 1109 378 1162 Venus
419 1109 714 1162 Mercurius
754 1109 1049 1161 matutinae
1091 1113 1216 1161 sunt
1263 1112 1358 1161 aut
1396 1110 1730 1177 vespertinae
1771 1115 1865 1161 aut

197 1183 495 1236 occiduales
544 1187 638 1235 aut
685 1183 999 1250 absconsae,
1047 1200 1182 1251 quae
1230 1201 1261 1234 a
1299 1180 1519 1235 Graecis
1566 1182 1770 1235 afaneis
1810 1189 1865 1234 et

197 1257 479 1326 synodicae
506 1255 769 1324 dicuntur,
794 1260 888 1309 aut
912 1259 1246 1325 acronyctae.
1313 1255 1429 1318 Qua
1453 1259 1632 1308 autem
1657 1257 1865 1308 ratione

195 1331 331 1383 tales
378 1331 512 1382 fiant
557 1331 641 1383 vel
689 1348 794 1398 qua
832 1349 897 1382 ex
937 1349 1096 1383 causa
1140 1331 1271 1383 haec
1319 1330 1587 1398 accipiant
1631 1330 1866 1399 nomina,

195 1403 533 1472 explicemus.
595 1403 896 1456 Matutinae
922 1408 1049 1457 sunt
1071 1405 1128 1456 in
1153 1408 1291 1472 ortU,
1325 1422 1458 1472 quae
1482 1403 1859 1473 praecedentes
1885 1425 1926 1458 15

197 1479 382 1530 orbem
423 1476 563 1530 Solis
605 1478 873 1546 oriuntur3
910 1478 1246 1546 vespertinae
1285 1495 1410 1530 vero
1449 1477 1507 1529 in
1547 1482 1685 1544 ortu,
1725 1494 1860 1545 quae

198 1551 459 1603 orientem
479 1549 658 1603 Solem
681 1554 996 1620 sequuntur3
1021 1552 1312 1603 absconsae
1329 1568 1470 1616 ver0,
1496 1569 1628 1619 quas
1647 1549 1866 1618 (Solis)

199 1625 344 1677 orbis
386 1624 546 1694 tegit3
588 1628 919 1694 acronyctae,
959 1643 1093 1693 quae
1133 1628 1261 1676 tunc
1301 1623 1570 1693 oriuntur,
1609 1642 1731 1676 cum
1772 1622 1866 1676 Sol

144 1701 179 1751 2
199 1698 407 1751 occidit.
468 1697 585 1751 Hae
610 1699 814 1768 figurae
841 1698 1122 1751 stellarum
1154 1698 1363 1766 quando
1395 1697 1620 1765 prosint,
1653 1697 1864 1765 quando

196 1775 446 1841 noceant,
494 1772 552 1823 in
596 1771 750 1824 libris
796 1771 1184 1840 posterioribus
1232 1770 1640 1840 explicabimus3
1693 1788 1861 1838 neque
1887 1794 1931 1825 20

197 1845 339 1898 enim
377 1846 479 1898 hoc
519 1865 550 1897 a
587 1846 742 1897 nobis
783 1845 895 1898 sine
937 1863 1096 1898 causa
1142 1845 1342 1897 dictum
1383 1848 1479 1896 est.
1557 1845 1619 1896 In
1657 1862 1867 1896 summa

346 2010 371 2048 2
404 2005 560 2048 Lunae
592 2005 638 2063 κ]
670 2004 835 2047 lumini
862 2009 867 2060 Ι
896 2005 951 2060 cf.
983 2006 1076 2048 III
1095 2009 1137 2058 6,
1161 2015 1214 2048 11.
1241 2013 1295 2047 22.
1322 2014 1365 2044 32
1395 2004 1475 2046 IV
1495 2010 1538 2058 6,
1562 2016 1595 2048 2.
1624 2016 1642 2045 4
1670 2006 1675 2061 Ι
1712 2005 1767 2058 cf.
1802 2005 1876 2047 VI

198 2066 231 2119 f.
257 2064 484 2108 LXXIV
503 2065 582 2108 σοί.
600 2068 626 2107 1
645 2064 738 2107 ima
827 2070 854 2108 4
885 2063 1229 2107 instituciome‘?
1260 2068 1288 2105 C
1320 2064 1375 2117 cf.
1403 2066 1479 2116 68,
1505 2075 1547 2104 10
1651 2069 1677 2107 6
1708 2062 1863 2121 libris]

200 2122 347 2166 stellis
371 2127 408 2165 A
435 2123 441 2181 Ι
470 2121 742 2179 simpliciter
771 2127 805 2165 F
899 2128 924 2166 8
955 2124 1021 2167 sic
1050 2124 1201 2176 indam,
1230 2122 1303 2165 hic
1333 2135 1452 2176 quae
1485 2122 1648 2166 stellae
1679 2122 1865 2178 quando

201 2181 295 2225 sint
324 2183 452 2238 (sunt
481 2183 580 2238 AD)
611 2180 870 2225 matutinae
910 2184 975 2239 (et
1006 2183 1111 2231 add.
1143 2182 1196 2238 A)
1236 2180 1422 2236 quando
1460 2180 1753 2238 uespertinae
1791 2179 1868 2223 uel

200 2242 299 2296 (om.
318 2242 368 2297 B)
386 2254 475 2296 que
500 2243 701 2284 scemate
725 2239 945 2301 (serinate
961 2243 1012 2298 Ε)
1030 2245 1217 2296 ABDF,
1243 2253 1323 2283 om.
1342 2241 1394 2282 in
1418 2241 1499 2284 lac.
1520 2246 1547 2283 c
1648 2244 1701 2283 10
1725 2244 1866 2283 astro-

199 2300 377 2343 nomiae
393 2300 534 2355 plane
557 2300 747 2356 iynarus
771 2305 833 2344 est
847 2300 1080 2344 Firmicus
1168 2303 1220 2341 12
1247 2297 1507 2342 occidfiales
1525 2304 1562 2342 A
1584 2300 1771 2343 scribere
1794 2299 1866 2342 de-

203 2358 331 2402 bebat
344 2357 602 2401 matutinae
619 2361 727 2402 sunt
750 2360 831 2402 aut
846 2358 1135 2415 vespertinae
1159 2356 1253 2400 sive
1276 2356 1326 2400 in
1350 2361 1453 2401 ortu
1478 2357 1573 2401 sive
1596 2357 1645 2400 in
1669 2370 1833 2401 occasu
1855 2358 1860 2415 Ι

202 2415 380 2460 afaneis
404 2417 451 2474 κ]
477 2416 709 2461 affinissae
732 2416 984 2474 (aphinisse
1007 2419 1060 2474 D)
1141 2421 1195 2460 13
1219 2416 1481 2471 synodoche
1504 2423 1539 2459 D
1567 2419 1573 2472 Ι
1602 2415 1806 2460 acronite
1829 2421 1866 2458 Ι)

203 2474 467 2519 achronicte
490 2479 522 2517 B
551 2476 556 2532 Ι
583 2475 836 2519 ratiacione
860 2481 897 2518 A
989 2482 1043 2520 14
1073 2475 1191 2519 tales
1223 2475 1338 2518 fiant
1367 2490 1449 2519 om.
1474 2481 1508 2517 F
1614 2480 1668 2518 15
1700 2476 1865 2530 ortum,
1945 2516 1948 2519 ,

202 2548 313 2578 corr.
345 2549 375 2577 v
526 2539 577 2576 17
611 2536 665 2588 cf.
694 2536 828 2578 Paul.
854 2536 929 2580 Al.
955 2536 1005 2578 E
1026 2540 1056 2579 2
1097 2533 1200 2593 ἑῷοι
1231 2532 1282 2577 δὲ
1314 2534 1580 2578 ἀνατολικοὶ
1610 2533 1654 2577 οἱ
1686 2530 1867 2588 ἀστέρες

203 2591 432 2650 γίνονται,
473 2590 584 2636 ὅταν
623 2593 933 2637 ἀποδιαστῶσι
969 2602 1050 2638 τοῦ
1088 2592 1218 2650 ἡλίου
1257 2591 1420 2648 μοίρας
1458 2592 1516 2636 ιε’
1552 2593 1624 2650 (cf.
1657 2592 1863 2647 Autolyc.

204 2656 295 2696 106
317 2653 399 2708 H.)
432 2651 482 2695 ἐν
507 2658 609 2702 ταῖς
631 2650 998 2708 προηγουμέναις
1027 2651 1208 2708 μοίραις
1238 2648 1265 2707 ἢ
1299 2650 1347 2695 ἐν
1379 2659 1475 2702 τοῖς
1505 2647 1869 2707 προηγουμένοις

204 2709 383 2769 ζῳδίοις
412 2746 420 2754 .
449 2745 457 2754 .
484 2745 493 2753 .
527 2708 726 2765 ἑσπέριοι
759 2709 809 2754 δὲ
841 2712 912 2767 (sc.
941 2708 1235 2766 ἀνατολικοί),
1270 2707 1381 2754 ὅταν
1414 2710 1463 2754 ἐν
1492 2717 1594 2760 ταῖς
1624 2706 1868 2764 ἑπομέναις

204 2767 386 2824 μοίραις
415 2768 443 2825 ἢ
476 2768 526 2813 ἐν
556 2776 652 2819 τοῖς
684 2767 924 2824 ἑπομένοις
955 2769 1133 2829 ζῳδίοις
1170 2775 1250 2813 τοῦ
1281 2767 1412 2825 ἡλίου
1443 2770 1754 2813 ἀποδιαστῶσι
1785 2766 1868 2818 τὰς

206 2826 537 2884 προειρημένας
567 2826 625 2871 ιε’
653 2825 825 2883 μοίρας.
863 2831 868 2884 1
918 2828 967 2871 in
998 2828 1222 2873 orientem
1244 2833 1279 2870 Ι)
1321 2830 1327 2883 Ι
1370 2829 1474 2872 add.
1501 2845 1527 2871 n
1620 2830 1672 2869 18
1707 2826 1868 2869 achro-

204 2886 342 2929 micte
373 2891 406 2929 B
438 2889 655 2942 acronyte
685 2891 719 2928 F
841 2892 893 2930 19
924 2901 1148 2944 nusquam
1177 2887 1428 2942 emplicatur
