2014 3202
835 135 899 180 m
923 141 963 192 5,
989 149 1146 181 29—33.
1721 134 1826 188 139

147 257 364 327 ceperit,
402 257 597 311 vitium
630 258 844 327 quidem
885 260 1047 326 atque
1092 256 1372 327 aegritudo
1412 260 1675 326 perpetua
1706 257 1824 326 erit,

149 332 240 385 sed
278 335 332 384 et
363 332 662 384 divinitatis
703 330 930 384 alicuius
963 331 1303 399 providentia
1334 330 1645 383 valitudinis
1682 348 1826 384 acer-

146 406 292 458 bitas
331 404 629 476 mitigatur.
708 404 912 468 Quodsi
950 405 1036 457 his
1076 404 1349 473 omnibu8‚
1397 405 1538 457 sicut
1577 404 1823 473 diximuS,
1841 405 1913 457 32

146 479 426 532 collocatis
459 478 712 531 Mercurii
744 497 800 531 se
834 478 1170 531 coniunxerit
1211 478 1369 531 stella
1408 482 1503 530 aut
1536 496 1657 531 cum
1688 478 1822 546 ipsis

100 576 121 608 5
147 553 324 621 posita
354 556 449 605 aut
478 552 536 605 in
567 570 810 622 exagono
840 551 1117 621 collocata,
1148 552 1472 605 valitudines
1505 552 1656 622 istaS,
1689 569 1822 620 quas

144 627 399 694 diximuS,
445 630 540 678 aut
578 627 813 679 remedio
863 627 1043 695 aliquo
1092 630 1186 678 aut
1234 624 1636 678 cantationibus
1683 643 1824 678 com-

143 699 315 768 pescit
353 703 447 752 aut
480 700 714 770 mitigat,
753 703 814 752 ut
855 700 1198 752 omnifariam
1235 700 1320 752 his
1353 699 1605 752 remediis
1645 700 1712 752 ab
1745 700 1824 751 in-

147 791 306 826 cursu
336 774 697 826 valitudinum
728 772 1041 842 liberentur,
1080 773 1402 842 praesertim
1441 773 1486 825 si
1518 772 1671 825 Luna
1703 772 1822 826 Iovi

144 865 200 900 se
255 865 498 901 crescens
554 851 649 900 aut
695 847 896 900 Veneri
951 848 1160 899 minuta
1212 847 1414 899 lumine
1469 845 1821 900 coniunxerit.

74 944 118 975 10
143 919 346 982 Quodsi
383 922 437 974 in
477 922 585 975 ista
624 922 905 974 stellarum
945 920 1322 990 dispositione,
1373 939 1535 989 quam
1575 920 1821 989 exposui-

140 1013 283 1059 mus,
323 994 477 1048 Luna
516 1014 728 1065 semper
767 995 1020 1048 Mercurii
1060 995 1248 1048 stellae
1289 1013 1344 1046 se
1386 994 1726 1047 coniunxerit
1765 997 1820 1046 et

139 1087 262 1122 cum
310 1070 497 1122 eodem
545 1069 811 1122 collocata
858 1087 889 1121 3
938 1069 1201 1122 benivolis
1250 1068 1422 1121 stellis
1478 1068 1563 1120 vel
1614 1068 1677 1120 de
1724 1068 1820 1120 tri-

138 1160 281 1211 gono
336 1142 421 1196 vel
474 1143 537 1196 de
592 1160 833 1213 exagono
889 1142 1100 1195 radiata
1151 1141 1338 1211 fuerit,
1396 1142 1462 1194 ad
1516 1142 1643 1194 deos
1699 1159 1820 1195 con-

139 1216 357 1287 fugiunt
419 1220 474 1269 et
526 1215 638 1270 illic
692 1217 986 1269 manebunt
1041 1217 1108 1269 ab
1159 1216 1293 1285 ipsis
1348 1216 1583 1268 remedia
1635 1219 1822 1284 postu-

71 1313 114 1345 15
140 1290 329 1343 lantes.
407 1290 612 1353 Quodsi
650 1290 803 1343 Luna
847 1308 903 1343 se
943 1289 1199 1343 Mercurii
1239 1289 1426 1342 stellae
1467 1289 1820 1353 coniunxerit,

140 1365 217 1417 sic
258 1362 382 1417 Sole
423 1367 478 1416 31
520 1363 754 1417 Saturno
795 1367 849 1416 31
887 1363 1086 1431 Μ3113,
1125 1362 1265 1416 813111
1305 1363 1559 1431 diximuS,
1606 1362 1819 1432 positiS‚

136 1437 383 1507 Iuppiter
428 1456 553 1491 vero
603 1442 658 1490 31
703 1437 889 1490 Venus
937 1438 994 1490 in
1040 1437 1242 1490 aversis
1298 1440 1353 1488 31
1407 1436 1630 1489 deiectis
1682 1437 1816 1489 13318

138 1511 341 1564 fuerint
378 1511 602 1578 inventi,
640 1512 856 1564 insanos
889 1511 1157 1563 lunaticos
1191 1510 1567 1564 daemoniacos
1608 1509 1817 1563 faciunt

138 1589 192 1637 et
233 1585 324 1653 qui
364 1603 428 1637 ex
466 1585 658 1653 <18118>
696 1585 845 1638 vitiis
892 1584 1168 1654 perpetuis
1217 1584 1621 1637 calamitatibus
1661 1584 1818 1652 inpli-

68 1681 113 1712 20
138 1663 342 1726 centur,
381 1659 460 1711 ita
499 1663 561 1711 ut
600 1663 655 1712 et
693 1658 1013 1711 biothanata
1054 1662 1226 1711 morte
1267 1658 1570 1727 depereant.

280 1732 345 1785 In
373 1750 517 1786 nono
550 1734 668 1786 loco
702 1731 795 1786 Sol
835 1732 902 1785 ab
941 1733 1242 1801 horoscopo
1284 1731 1613 1785 constitutus
1653 1731 1815 1784 fabri·
1833 1732 1903 1785 33

136 1809 345 1859 catores
387 1807 608 1860 deorum
647 1805 780 1860 facit
817 1806 903 1859 vel
936 1806 1168 1859 cultores
1202 1805 1474 1875 [deorum]
1508 1806 1814 1858 divinorum

136 1879 547 1934 simulacrorum
593 1881 679 1934 vel
726 1884 1004 1934 ornatores
1053 1881 1275 1932 deorum
1329 1879 1412 1932 vel
1463 1879 1813 1932 fabricatores

136 1953 463 2023 templorum
495 1958 590 2007 aut
611 1954 973 2024 hymnologos
1007 1957 1062 2005 et
1094 1954 1187 2022 qui
1218 1953 1404 2005 laudes
1438 1952 1660 2005 deorum
1693 1970 1815 2005 cum
1872 2013 1879 2022 .

67 2048 111 2080 25
138 2027 425 2080 iactantiae
459 2029 822 2091 ostentatione
856 2028 1158 2096 decantent,
1190 2045 1254 2079 ex
1286 2027 1481 2096 quibus
1507 2027 1667 2078 rebus
1701 2026 1815 2096 glo-

138 2099 275 2153 riam
321 2104 376 2153 et
421 2101 652 2155 honores
698 2101 992 2154 habebunt.
1068 2100 1143 2152 Et
1188 2099 1322 2152 facit
1368 2102 1551 2151 autem
1601 2099 1678 2153 sic
1720 2099 1813 2152 Sol

135 2174 347 2242 positus
388 2179 597 2242 patrem
637 2175 870 2242 felicem,
919 2174 1011 2226 sed
1059 2177 1114 2225 et
1152 2173 1258 2242 ipsi
1298 2177 1352 2226 et
1391 2173 1535 2242 patri
1573 2173 1687 2226 eius
1726 2192 1815 2226 va·

136 2247 245 2301 rias
284 2248 428 2301 vitae
469 2249 794 2302 mutationes
842 2246 1276 2316 multiplicesque
1324 2246 1575 2300 decernit.
1652 2246 1727 2300 Et
1766 2246 1814 2300 si

136 2322 387 2375 benivola
426 2321 584 2374 stella
629 2322 706 2375 sic
748 2321 872 2375 Sole
911 2321 1091 2389 posito
1134 2320 1192 2373 in
1230 2320 1452 2373 anafora
1490 2319 1607 2374 MC.
1647 2321 1813 2373 fuerit

65 2417 112 2448 :30
137 2395 370 2465 inventa,
409 2396 466 2448 in
496 2395 795 2465 peregrinis
828 2395 962 2447 locis
1000 2393 1284 2447 constituti
1317 2398 1610 2465 augmenta
1647 2394 1815 2447 felici-

137 2470 268 2521 tatis
300 2470 536 2522 maxima
568 2471 976 2538 consequentur.
1032 2466 1091 2520 Si
1121 2486 1246 2521 vero
1286 2469 1344 2521 in
1373 2469 1475 2521 hoc
1509 2469 1627 2521 loco
1660 2468 1812 2520 mali-

282 2633 308 2671 3
340 2629 444 2683 fort.
475 2628 614 2688 (sic)
647 2628 719 2672 his
872 2631 897 2669 6
930 2627 1178 2683 compesci,
1217 2641 1330 2671 corr.
1364 2624 1423 2676 αἱ)
1455 2628 1734 2683 (compescet
1763 2627 1810 2683 v)

136 2691 162 2729 7
194 2686 434 2744 mitigata,
474 2703 586 2733 corr.
621 2687 680 2736 αἱ)
736 2690 742 2744 Ι
799 2689 852 2730 111
891 2685 1015 2743 Sittl]
1052 2688 1135 2730 aut
1189 2687 1194 2744 Ι
1252 2686 1311 2730 31)
1349 2685 1598 2741 nefariam,
1638 2698 1748 2729 corr.
1783 2700 1811 2728 a

136 2749 163 2786 9
194 2745 440 2803 luminum,
496 2761 606 2792 corr.
655 2761 719 2791 κσ
863 2749 914 2787 11
969 2743 1078 2806 lune
1123 2749 1259 2788 ERV
1411 2749 1464 2787 17
1513 2743 1716 2787 adversis
1757 2742 1807 2786 A‘

139 2807 192 2846 19
225 2805 328 2849 add.
362 2822 389 2849 κ
520 2810 577 2849 20
609 2808 657 2849 31
687 2819 769 2849 om.
802 2808 847 2846 Μ
981 2808 1036 2846 22
1068 2804 1323 2861 sculptores
1355 2820 1383 2847 κ
1413 2804 1469 2857 cf.
1503 2804 1565 2846 ad
1596 2806 1699 2856 132,
1724 2813 1766 2843 14
1800 2802 1808 2862 Ι

135 2862 219 2905 del.
252 2878 280 2905 a
369 2869 423 2907 23
456 2870 560 2910 ante
589 2863 893 2908 fabricatores
925 2859 971 2917 si
1000 2867 1045 2905 Π
1150 2868 1205 2906 26
1237 2863 1297 2906 Et
1335 2863 1416 2906 del.
1451 2860 1499 2904 A'
1593 2866 1648 2904 29
1680 2860 1812 2905 beni-

137 2919 241 2963 uole
281 2921 413 2982 stelle¹
445 2927 503 2966 P·
621 2928 676 2966 30
709 2921 990 2966 constitutus
1020 2919 1136 2964 HVb
1169 2920 1433 2966 constitutis
1464 2925 1526 2962 V⁸
