2014 3202
838 112 902 157 ΙΠ
923 118 966 170 4,
991 126 1148 158 29—36.
1724 114 1828 166 125

156 240 250 290 aut
281 236 554 307 trigonica
585 253 640 288 se
672 234 930 287 societate
964 233 1325 304 coniunxerit3
1361 237 1490 287 tunc
1523 235 1666 288 enim
1699 235 1830 289 facit

154 311 356 364 iudices
402 310 662 363 habentes
717 309 802 360 ius
850 308 1019 378 gladii
1074 326 1194 360 cum
1247 307 1496 361 maximis
1545 309 1829 378 dignitatis

155 384 476 455 insignibus,

303 458 367 511 In
391 455 703 510 duodecimo
728 455 848 508 loco
874 454 1020 508 Mars
1053 456 1120 507 ab
1151 455 1452 524 horoscopo
1486 457 1830 525 constitutuS,
1848 457 1919 510 34

114 553 133 585 5
160 532 206 584 si
243 549 339 601 per
377 531 517 583 diem
555 530 612 582 in
649 530 753 582 hoc
790 530 911 583 loco
949 528 1115 582 fuerit
1153 530 1428 599 inventuS‚
1465 528 1830 599 aegritudines

158 605 417 658 maximas
458 603 696 657 decernit
735 607 790 655 et
828 603 986 656 malis
1024 603 1173 656 vitiis
1211 603 1457 672 implicat
1499 607 1554 656 et
1593 622 1624 656 a
1663 604 1831 657 servis

158 680 371 732 crebras
412 678 697 731 concinnat
735 677 957 730 insidias
998 680 1052 730 et
1089 677 1223 730 facit
1262 678 1448 746 talem,
1497 676 1583 731 cui
1623 696 1833 748 semper

159 753 297 805 servi
335 770 527 805 nocere
567 751 893 820 desiderent,
940 755 995 804 et
1043 751 1293 804 omnibus
1341 751 1454 804 eius
1501 752 1831 821 multiplices

159 845 255 895 per
280 843 461 879 servos
490 825 699 895 spargit
721 824 989 877 infamias.
1050 824 1381 894 Frequenter
1410 829 1589 878 autem
1612 830 1834 895 propter

3 942 18 947 ω
95 921 136 953 10
162 900 396 953 inclusos
422 900 682 969 quosdam
715 903 809 951 aut
840 899 897 951 in
922 899 1168 952 custodia
1192 899 1520 952 constitutos
1554 903 1647 953 aut
1672 900 1835 953 etiam

161 974 445 1027 damnatos
472 976 652 1026 aestus
679 991 907 1043 angores
934 972 1322 1026 sollicitudines
1356 974 1550 1026 damna
1578 974 1836 1042 pericula-

162 1065 263 1117 que
296 1047 551 1101 decernit.
616 1046 718 1100 Sed
750 1047 882 1100 haec
915 1048 1096 1099 omnia
1127 1046 1465 1116 mitigantur,
1501 1048 1547 1099 si
1580 1048 1658 1101 sic
1688 1048 1835 1101 Mars

162 1121 371 1189 positus
413 1120 524 1191 [ne]
564 1121 621 1172 in
658 1124 925 1173 nocturna
964 1119 1214 1191 genitura
1255 1120 1420 1173 fuerit
1458 1121 1725 1175 inventus

311 1195 513 1264 Optare
538 1198 720 1247 autem
745 1195 998 1247 debemus
1027 1195 1084 1247 in
1109 1195 1359 1247 omnibus
1384 1195 1649 1265 genituris
1675 1199 1835 1265 atque
1853 1196 1924 1250 35

95 1290 136 1322 15
162 1270 218 1321 in
264 1269 514 1321 omnibus
561 1268 719 1339 lociS‚
763 1272 826 1320 ut
864 1268 1031 1321 Marti
1079 1268 1321 1337 qualibet
1362 1269 1662 1323 radiatione
1712 1287 1837 1339 quo-

162 1343 296 1395 libet
334 1361 399 1395 ex
436 1343 556 1395 loco
589 1342 772 1394 Venus
814 1360 869 1395 se
909 1360 969 1395 ac
1006 1342 1251 1412 Iuppiter
1291 1361 1500 1411 semper
1540 1347 1837 1413 opponant3

162 1420 291 1469 tunc
345 1416 487 1469 enim
535 1415 769 1484 impetus
817 1415 929 1468 eius
986 1434 1051 1468 ex
1098 1416 1473 1486 qualicumque
1527 1421 1680 1486 parte
1728 1418 1837 1470 lan-

165 1494 449 1560 guescunt,
513 1508 633 1542 cum
687 1490 917 1542 istarum
973 1489 1251 1542 stellarum
1303 1490 1468 1542 fuerit
1522 1490 1836 1544 testimonio

164 1564 463 1633 mitigatus.
542 1562 645 1616 Sed
685 1566 739 1616 et
778 1563 912 1616 illud
951 1564 1206 1617 debemus
1255 1567 1466 1633 optare,
1509 1582 1577 1617 ne
1625 1565 1837 1634 quando

97 1659 140 1690 20
163 1656 258 1706 per
289 1638 431 1690 diem
463 1637 735 1690 cardinem
775 1637 1010 1706 aliquem
1042 1637 1189 1690 Mars
1223 1638 1503 1707 geniturae
1538 1640 1839 1708 possideat3

164 1711 210 1764 si
249 1712 392 1764 enim
438 1730 534 1780 per
573 1711 714 1763 diem
754 1711 1025 1778 partiliter
1070 1711 1128 1764 in
1174 1712 1355 1781 aliquo
1404 1713 1684 1782 geniturae
1732 1732 1841 1766 car-

163 1785 285 1838 dine
339 1785 503 1837 fuerit
556 1785 832 1854 inventUS‚
885 1786 1035 1838 vario
1092 1788 1281 1838 contra
1334 1804 1479 1855 eum,
1534 1787 1626 1855 qui
1679 1790 1839 1840 natus

164 1858 342 1927 fuerit,
383 1876 576 1928 genere
617 1866 911 1928 grassatur.
989 1859 1055 1911 In
1094 1860 1308 1913 cardine
1356 1860 1497 1912 enim
1536 1860 1711 1913 Marte
1750 1878 1840 1930 po·

167 1932 295 1998 sit0,
344 1933 391 1984 si
430 1932 480 1985 ei
516 1951 613 2001 per
651 1933 792 1986 diem
832 1932 1079 2002 Iuppiter
1118 1951 1173 1986 se
1214 1933 1552 1986 coniunxerit
1591 1934 1695 2003 †in
1733 1933 1839 1987 alio

7 2072 19 2078 „
101 2026 143 2059 25
170 2006 382 2058 cardine
436 2024 531 2074 per
577 2006 717 2059 diem
764 2006 910 2059 Mars
956 2007 1122 2059 fuerit
1166 2007 1417 2060 inventus
1472 2011 1527 2059 et
1575 2006 1840 2060 Saturnus

2 3006 17 3061 ⁴⁸⁴⁴.—

169 2079 334 2131 alium
363 2078 634 2133 cardinem
650 2080 935 2150 ‘geniturae
961 2080 1274 2149 possederit,
1306 2080 1468 2134 faciet
1492 2080 1841 2135 biothanatos

169 2156 264 2206 aut
302 2153 451 2221 ipsos
492 2153 595 2206 sibi
633 2154 924 2207 inferentes
962 2172 1162 2207 necem.
1225 2154 1429 2206 Verum
1462 2155 1508 2207 si
1539 2155 1596 2206 in
1628 2155 1840 2208 cardine
1859 2154 1929 2208 36

167 2245 263 2296 per
295 2225 435 2278 diem
467 2227 763 2280 constituto
787 2227 962 2280 Marte
993 2227 1050 2279 in
1081 2226 1189 2280 alio
1224 2229 1437 2281 cardine
1462 2226 1645 2282 Venus
1678 2228 1843 2282 fuerit

168 2302 402 2368 inventa,
440 2300 604 2353 faciet
635 2300 863 2354 assiduis
896 2319 1140 2354 amorum
1171 2300 1456 2355 inlecebris
1489 2302 1710 2372 fatigari
1748 2306 1844 2371 *aut

103 2394 147 2427 30
168 2373 542 2427 interfectores
581 2393 809 2427 uxorum
850 2378 944 2427 aut
981 2374 1129 2444 ipsos
1171 2374 1275 2427 sibi
1314 2374 1603 2429 inferentes
1642 2395 1840 2429 necem.

322 2552 344 2591 1
370 2547 514 2592 faciet
535 2553 593 2591 1²³
691 2553 715 2591 7
740 2547 942 2591 inuidias
959 2553 996 2590 V
1086 2553 1112 2592 8
1146 2548 1358 2594 omnibus
1375 2550 1629 2610 (actibus)
1649 2550 1847 2595 Mueller

173 2610 226 2650 11
258 2606 474 2664 langores
497 2606 546 2650 A‘
642 2612 695 2651 12
726 2607 1026 2664 mittigantur
1054 2612 1134 2650 PB
1226 2614 1279 2652 13
1310 2623 1369 2654 ne
1400 2610 1483 2654 del.
1508 2609 1556 2651 A'
1656 2615 1710 2652 14
1743 2611 1845 2653 aut·

172 2678 262 2721 que
284 2670 318 2708 P
410 2671 463 2710 16
496 2668 734 2723 opponant
755 2680 838 2710 nos
860 2666 1176 2722 (opposuerint
1199 2667 1341 2726 Sino]
1373 2667 1590 2725 oportuni
1681 2672 1736 2711 20
1761 2667 1845 2712 ali-

174 2737 312 2779 quem
343 2724 578 2769 cardinem
615 2730 660 2768 n
780 2731 835 2768 22
868 2727 1158 2779 contractum
1187 2726 1269 2783 qui
1298 2732 1336 2769 V
1457 2732 1513 2770 24
1544 2726 1587 2770 ei
1619 2725 1690 2785 A']
1723 2726 1846 2770 enim

175 2786 230 2825 28
270 2789 352 2828 aut
388 2783 506 2843 (et)
545 2783 594 2827 in
626 2783 718 2828 alio
759 2786 875 2841 (cum
905 2786 950 2841 v)
983 2797 1021 2828 c.
1045 2799 1088 2841 p.
1115 2785 1157 2829 d.
1190 2785 1444 2830 Mercurius
1483 2791 1566 2830 aut
1601 2799 1685 2842 per
1722 2785 1846 2829 diem

174 2839 301 2884 Mars
330 2841 471 2886 fuerit
500 2843 583 2887 del.
703 2849 756 2887 29
791 2856 998 2886 amorum
1025 2842 1272 2888 inlecebris
1305 2846 1352 2903 κ]
1386 2859 1414 2888 a
1444 2847 1545 2902 (aut
1574 2846 1670 2901 PR)
1701 2844 1846 2889 maio-

175 2911 278 2942 rum
305 2899 357 2943 in
384 2900 579 2944 latebris
609 2906 787 2945 MPRV
817 2901 1046 2945 malorum
1074 2902 1320 2947 inlecebris
1352 2902 1401 2946 A'
